3114 4658
615 311 836 375 -31„.

161 491 429 560 madvertendum
452 493 502 554 θεῖ
520 489 609 554 haud
626 487 674 554 ita
692 507 867 570 paucorum
886 491 1111 569 argumentum
1130 485 1286 554 creticum

163 581 266 663 primo
291 580 407 645 obtutu
431 577 582 661 cognosci
609 595 673 642 non
695 596 802 659 posse,
830 596 871 642 ne
895 576 1132 658 suspicaremur
1159 575 1288 655 quidem

162 671 245 736 illud
268 687 339 734 esse
361 667 396 733 in
419 665 594 744 nonnullis,
627 665 691 732 nisi
718 665 753 731 in
779 667 841 732 hac
867 665 940 747 ipsa
967 663 1157 732 collectione
1183 665 1287 730 locum

162 760 329 836 haberent,
350 775 445 836 quam
463 755 558 837 plane
577 773 649 820 esse
668 754 822 820 eroticam
841 753 982 820 carmine
1000 752 1103 834 primo
1123 759 1156 818 et
1175 751 1287 822 ultimo

163 849 236 913 luce
259 845 378 912 clarius
401 844 579 910 indicatum
603 846 662 908 est.
695 844 781 910 Usus
806 848 858 908 est
879 848 985 924 poeta,
1008 847 1045 908 ut
1068 861 1140 907 cum
1158 840 1287 908 Boisso-

162 935 259 1002 radio
274 935 397 1016 loquar,
415 931 525 999 verbis
543 931 711 1012 modestis3
735 932 776 998 de
794 930 938 998 amicitia
956 934 1085 996 tantum
1104 949 1208 996 sermo
1228 933 1288 1009 est,

164 1025 363 1103 multumque
391 1022 517 1089 distant
544 1022 586 1086 ab
613 1021 709 1104 hujus
742 1019 942 1086 collectionis
973 1019 1086 1102 parvis
1118 1017 1289 1102 poematiis

165 1113 401 1195 epigrammata
423 1110 482 1175 illa
504 1109 714 1190 spurcissima
732 1108 902 1174 maximam
921 1113 1047 1190 partem
1066 1113 1100 1174 et
1118 1107 1289 1174 admodum

164 1203 330 1279 obscoena,
354 1218 437 1278 quae
460 1198 543 1263 libro
567 1198 754 1264 duodecimo
778 1195 996 1278 Anthologiae
1019 1195 1191 1262 Palatinae
1215 1214 1289 1262 con·

164 1289 318 1355 timentur.
369 1287 448 1353 Cum
476 1291 648 1368 praeterea
675 1285 911 1367 antiquioribus
939 1303 1064 1366 qnoque
1091 1285 1289 1367 temporibus

164 1377 320 1461 eJ'usmodi
342 1377 485 1442 carmina
508 1375 597 1440 facta
619 1394 691 1440 esse
714 1380 850 1454 constet,
873 1376 934 1440 hoo
957 1374 1026 1441 loco
1044 1373 1148 1440 fusius
1171 1374 1288 1442 Hertz·

163 1467 259 1548 bergi
291 1466 485 1532 sententiam
517 1464 663 1529 refutare
699 1482 764 1529 non
796 1463 1014 1530 necessarium
1046 1462 1178 1530 videtur
1210 1481 1289 1541 esse,

164 1553 356 1636 praesertim
381 1573 451 1619 cum
475 1553 583 1618 causis
606 1572 677 1619 eam
699 1552 829 1618 firmare
852 1558 986 1618 conatus
1009 1570 1073 1616 non
1097 1551 1149 1616 sit.
1191 1551 1289 1618 Deni-

164 1662 226 1724 que
249 1644 290 1708 H.
314 1641 548 1708 Schneidewin.
572 1640 611 1726 (c.
634 1639 667 1724 l.)
700 1661 753 1710 vv.
774 1641 949 1706 1235-40
968 1645 1001 1708 et
1019 1639 1101 1706 alios
1119 1640 1289 1706 nonnullos

164 1733 267 1817 (quos,
291 1732 476 1797 accuratius
499 1749 562 1795 non
586 1728 684 1815 dixit)
707 1729 810 1812 ipsius
826 1728 1024 1812 Theognidis
1043 1746 1139 1794 manu
1159 1727 1289 1794 effectos

167 1840 238 1887 esse
262 1821 445 1902 suspicatus
469 1825 527 1884 est.
570 1817 673 1901 Quam
693 1820 910 1902 conjecturam
929 1836 994 1883 non
1017 1821 1139 1884 rectam
1159 1836 1230 1884 esse
1249 1836 1289 1884 ex

168 1910 223 1989 eis,
247 1928 330 1990 quae
352 1908 440 1972 infra
463 1906 661 1989 disputaturi
684 1927 802 1986 sumus,
826 1906 1004 1989 apparebit.

257 2015 331 2078 Hae
354 2013 456 2096 igitur
480 2017 556 2078 sunt
574 2013 756 2078 sententiae
774 2013 935 2079 hominum
949 2014 1116 2078 doctorum
1132 2012 1171 2076 de
1190 2011 1289 2077 certis

165 2101 354 2183 quibusdam
391 2100 578 2183 appendicis
620 2102 797 2166 carminum
833 2101 1019 2167 auctoribus
1051 2119 1152 2180 usquc
1184 2100 1289 2166 adhuc

167 2192 322 2273 prolatae.
356 2191 465 2270 Atque
483 2189 563 2255 mihi
586 2190 712 2270 quidem
735 2190 863 2256 omnino
886 2189 968 2255 illud
986 2190 1117 2256 videtur
1136 2189 1207 2254 erui
1224 2207 1286 2254 non

164 2297 267 2361 posse,
292 2280 441 2359 quoniam
464 2283 626 2359 apparatu
644 2280 686 2343 ad
701 2279 923 2361 ejusmodi-res
937 2280 1032 2360 plane
1046 2276 1289 2360 perspiciendas

164 2369 411 2447 haudquaquam
435 2374 512 2450 apto
537 2385 645 2431 sumus
669 2365 831 2432 instructi.
879 2366 942 2432 Sed
970 2367 1004 2431 id
1032 2366 1173 2430 fortasse
1195 2385 1288 2431 accu-

166 2461 241 2521 rata
265 2455 489 2535 disquisitione
513 2455 667 2522 instituta
689 2455 865 2537 poterimus
894 2455 1035 2536 assequi,
1063 2459 1100 2520 ut
1128 2455 1168 2520 de
1195 2456 1288 2520 modo

166 2549 199 2610 et
212 2548 356 2624 ternpore
371 2544 547 2610 carminum
563 2544 825 2624 collectionisque
839 2543 965 2626 origine
980 2549 1078 2623 atque
1092 2543 1132 2607 de
1147 2543 1290 2608 auctoris

165 2637 374 2699 auctorumve
395 2637 430 2698 iu
454 2633 648 2698 carminibus
677 2633 852 2699 condendis
879 2633 932 2700 vel
954 2632 988 2697 in
1007 2632 1197 2698 collectione
1216 2651 1289 2697 con-

165 2721 360 2803 glutinanda
378 2722 505 2788 ratione
525 2741 596 2786 cum
611 2721 720 2802 aliqua
734 2720 886 2790 veritatis
904 2721 1012 2803 specie
1022 2721 1164 2804 judicari
1177 2721 1288 2801 possit.

164 2811 274 2890 Atque
297 2811 433 2892 primum
458 2810 584 2891 quidem
609 2811 745 2876 dicenda
768 2811 861 2876 nohis
879 2811 913 2876 in
932 2811 1116 2877 universum
1135 2810 1288 2876 nonnulla

163 2898 317 2963 videntur
335 2917 406 2962 esse
425 2899 464 2962 de
484 2917 637 2978 sermone,
656 2899 902 2978 versificatione,
921 2897 1094 2964 sententiis
1114 2899 1286 2964 carminum

164 2984 379 3066 collectionis3
402 3005 475 3050 narn
500 2993 645 3067 apparet,
668 2988 731 3052 nisi
749 2989 809 3054 has
828 3007 880 3053 res
900 2984 1199 3066 examinaverimus,
1218 2985 1289 3052 fieri

164 3093 228 3138 non
251 3091 359 3226 pgsse,
388 3076 425 3139 ut
453 3079 575 3140 certum
604 3077 643 3140 de
672 3095 791 3158 genere
819 3075 954 3160 originis
977 3080 1184 3156 temporeque
1204 3075 1288 3158 judi-

164 3162 248 3228 cium
293 3167 336 3226 at.
866 3175 869 3180 ⁴

253 3267 438 3335 Sermonem
462 3287 532 3338 esse
555 3267 590 3336 in
613 3270 798 3337 universum
822 3270 1010 3353 simplicem,
1038 3289 1154 3352 purum
1178 3269 1289 3335 diluci-

163 3357 301 3438 dumque
343 3357 512 3424 dicendum
553 3366 616 3439 est;
662 3359 789 3425 omnino
830 3380 895 3426 non
931 3359 1142 3427 inueniuntur
1178 3359 1288 3424 verba.

164 3463 247 3526 quae
278 3447 492 3527 posteriorum
524 3454 703 3529 temporum
735 3448 867 3531 propria
904 3467 975 3514 esse
1015 3449 1118 3530 primo
1155 3451 1290 3528 aspectu

164 3534 376 3616 intellegitur.
433 3535 517 3602 Sane
545 3537 779 3602 Herwerden.*
816 3537 903 3602 haud
939 3539 987 3603 ita
1023 3554 1140 3618 pauca,
1174 3533 1289 3614 quibus

166 3627 330 3688 attentum*
359 3623 511 3690 lectorem
544 3625 609 3690 alia
641 3624 782 3691 fortasse
814 3627 934 3692 addere
966 3643 1060 3708 posse
1088 3622 1182 3702 dicit,
1215 3641 1288 3688 con-

165 3711 281 3792 gessit,
315 3716 352 3777 ut
384 3712 528 3778 carmina
565 3713 799 3794 antiquioribus
831 3713 1028 3796 temporibus
1065 3716 1180 3778 exorta
1218 3731 1289 3778 csse

164 3816 228 3863 non
261 3819 354 3881 posse
387 3803 632 3868 demonstraret.
682 3802 746 3869 Sed
777 3803 855 3869 mihi
888 3821 959 3868 eum
991 3820 1055 3866 non
1087 3799 1289 3883 persuasisse

164 3887 326 3970 profiteor.
382 3890 525 3957 Primum
553 3891 643 3958 ‘enim
676 3911 796 3975 magna
828 3911 955 3969 earum,
982 3909 1063 3971 quas
1100 3889 1280 3969 adnotavit,

255 4135 270 4168 *
290 4149 311 4188 c.
331 4135 348 4188 l.
368 4151 413 4203 pg.
434 4136 466 4187 15
486 4153 542 4203 squ.
