3114 4658
724 299 947 364 -‚34-

273 480 370 561 idque
393 478 522 562 saepius
545 477 606 552 ita,
630 481 667 540 ut
690 481 805 554 quarto
830 475 910 556 pede
934 475 1114 542 sententiae
1137 495 1215 557 pars
1239 478 1400 556 quaedam

277 569 475 635 absolvatur.
516 567 570 630 Ita
593 564 731 646 exempli
753 583 852 631 causa
871 569 1025 644 quattuor
1043 565 1154 646 primis
1173 565 1308 646 pedibus
1328 585 1401 631 sen-

275 657 381 724 tentia
404 655 557 722 universa
575 653 769 732 continetur,
792 672 875 733 quae
888 653 1004 721 deinde
1017 653 1144 734 reliqua
1157 654 1289 720 distichi
1303 659 1400 736 parte

275 745 461 812 accuratius
484 742 657 824 exponitur
682 742 735 810 vel
767 741 876 823 potius
908 742 950 808 ad
982 748 1104 808 certam
1136 744 1298 823 quandam
1329 762 1400 808 rem

273 835 468 916 explicatius
490 831 717 896 illustrandum
741 831 926 910 adlribetur3
950 830 989 896 cf.
1012 852 1042 898 v.
1068 831 1162 907 1245,
1188 831 1221 911 63
1248 832 1343 910 1267,
1369 833 1399 896 8.

273 922 443 1007 Ejusmodi
456 920 597 986 disticha
611 921 698 987 haud
711 939 815 1001 pauca
829 919 925 984 etiam
941 919 975 985 in
989 919 1178 986 collectione
1188 919 1400 1004 Theognidea

273 1011 415 1079 inveniri
439 1015 581 1093 possunt.
627 1010 676 1074 Ne
698 1008 733 1073 in
756 1007 968 1089 pentametris
996 1008 1136 1089 quidem,
1164 1017 1201 1074 ut
1225 1010 1292 1092 jam
1320 1008 1399 1086 dixi,

274 1102 309 1166 in
332 1101 517 1167 universum
541 1103 600 1177 est,
623 1098 657 1163 in
681 1116 742 1177 quo
766 1096 926 1162 offendere
957 1097 1124 1178 possimus.
1161 1098 1400 1178 Kiillenberger

273 1189 313 1276 (c.
337 1189 357 1254 l.
380 1209 434 1272 pg.
457 1187 591 1271 43squ.)
616 1184 773 1268 exposuit,
797 1185 952 1265 quomodo
975 1186 1175 1266 antiquiores
1199 1185 1399 1252 Graecorum

274 1284 390 1359 poetae
418 1275 556 1360 elegiaci
585 1273 725 1355 dactylis
754 1278 788 1338 et
816 1274 965 1356 spondeis
997 1275 1031 1339 in
1064 1275 1170 1356 priore
1202 1276 1398 1357 pentametri

273 1373 368 1449 parte
391 1366 442 1432 usi
466 1369 576 1431 essent
598 1401 642 1409 -
666 1363 718 1440 21,
747 1359 812 1447 5⁰io
835 1363 928 1428 binos
950 1364 1111 1446 dactylos,
1140 1363 1192 1443 24,
1216 1361 1281 1450 3⁰y,
1304 1363 1398 1428 binos
1494 1415 1495 1418 ,

274 1457 445 1537 spondeos,
473 1453 525 1533 24,
549 1451 615 1536 8⁰y',
639 1451 813 1533 spondeum
840 1452 876 1516 in
903 1451 1018 1534 primo,
1047 1453 1211 1533 dactylum
1235 1451 1268 1516 in
1293 1453 1398 1517 altero
1495 1485 1496 1502 ν

274 1545 363 1626 pede,
388 1544 439 1622 29,
463 1541 531 1626 4⁰l„
551 1541 716 1624 dactylum
734 1539 769 1605 in
792 1539 908 1621 primo,
932 1541 1107 1624 spondeum
1129 1541 1164 1606 in
1187 1541 1292 1606 altero
1315 1542 1398 1622 pede

273 1635 394 1699 habent
418 1656 473 1711 -;
496 1630 566 1696 fere
588 1631 702 1697 eadem
725 1635 777 1694 est
798 1647 852 1694 res
875 1629 909 1693 in
931 1629 1186 1713 duodoctoginta
1209 1629 1398 1712 appendicis
1429 1687 1440 1706 ,

274 1720 497 1803 pentametris
520 1738 589 1783 oum
615 1717 832 1798 septendecim
855 1736 963 1782 eorum
986 1718 1021 1782 in
1044 1718 1151 1799 priore
1169 1736 1284 1785 versus
1303 1724 1398 1800 parte

273 1809 366 1874 binos
385 1808 541 1888 dactylos,
560 1806 679 1889 viginti
698 1807 759 1871 duo
774 1805 867 1871 binos
882 1807 1049 1887 spondeos,
1073 1807 1289 1889 septendecim
1303 1825 1397 1887 spon·
1499 1833 1500 1836 ¹

274 1901 367 1963 deum
391 1897 425 1962 in
448 1895 559 1977 primo,
582 1895 746 1977 dactylum
769 1894 805 1960 in
828 1895 941 1975 altero,
961 1895 1079 1978 viginti
1098 1896 1160 1960 duo
1179 1896 1344 1978 dactylum
1363 1895 1398 1959 in

274 1986 386 2068 primo,
409 1985 585 2066 spondeum
607 1984 642 2050 in
665 1984 770 2049 altero
793 1985 874 2064 pede
891 1986 1077 2065 praebeant.
1119 1985 1296 2049 Praeterea
1318 2003 1397 2050 vero

274 2074 583 2140 commemorandum
605 2077 656 2138 cst
679 2071 711 2136 in
736 2072 944 2138 commissura
963 2073 1059 2153 primi
1077 2071 1265 2155 appendicis
1283 2077 1397 2154 penta·

275 2164 372 2232 metri
395 2161 554 2244 syllabam
577 2159 751 2242 ancipitem
770 2159 845 2244 legi,
869 2179 962 2241 quam
982 2162 1140 2244 syllabam
1154 2161 1189 2227 in
1202 2161 1266 2227 fine
1277 2161 1397 2244 prioris

276 2352 423 2410 ἀθανάτων
442 2357 473 2409 δέ
490 2351 577 2416 δόσεις
595 2362 721 2408 παντοῖαι
740 2360 881 2428 θνητοῖσιν
906 2353 1072 2427 ἐπέρχονται.
1110 2355 1186 2410 Intra
1208 2356 1320 2410 veroin
1338 2371 1398 2411 ver·

274 2447 348 2499 sibus
367 2445 493 2513 repetitis
512 2444 568 2498 cod.
589 2443 620 2508 Ο,
644 2459 722 2511 quem
745 2447 854 2498 constat
876 2445 1047 2510 praestantia
1069 2445 1190 2511 proxime
1214 2443 1339 2499 accedere
1363 2446 1399 2498 ad

274 2534 392 2588 codicem
410 2533 551 2599 optimum,
570 2532 733 2599 scripturam
750 2531 846 2586 habet:
865 2526 1011 2584 ἀθανάτων
1030 2529 1059 2584 δὲ
1078 2528 1164 2593 δόσεις
1182 2539 1308 2586 παντοῖαι
1330 2539 1400 2601 θνη-

276 2628 361 2675 τοῖσιν
380 2621 530 2693 ὲπέρχεται,
549 2620 609 2686 lege
628 2620 723 2688 igitur,
743 2618 776 2673 de
794 2636 848 2686 qua
865 2620 942 2674 modo
956 2620 1082 2685 diximus,
1101 2626 1217 2686 servata,
1236 2637 1398 2690 quamquam

275 2725 306 2764 eo
325 2725 429 2777 quoque
447 2710 506 2763 loco
529 2707 613 2762 verba
635 2706 786 2774 depravata
809 2713 882 2762 sunt.
917 2708 968 2763 Sed
985 2709 1105 2764 dubitari
1124 2725 1184 2765 mea
1206 2709 1315 2777 quidem
1337 2725 1397 2764 sen-

274 2799 364 2852 tentia
383 2814 437 2852 non
455 2802 554 2865 potest,
574 2797 638 2863 quin
657 2811 689 2850 ea
706 2796 796 2850 codO
814 2797 930 2852 lectione
942 2799 1137 2866 vestigiumeit
1156 2798 1314 2864 indicatum,
1333 2814 1395 2865 quo·

275 2887 353 2942 modo
376 2886 476 2941 vitium
503 2885 654 2939 tollendum
681 2888 761 2940 esset.
797 2885 907 2941 Etenim
935 2887 958 2939 si
985 2891 1122 2940 mutamus
1149 2887 1283 2954 pluralem
1312 2881 1397 2946 δόσεις

276 2984 402 3030 παντοῖαι
421 2977 451 3030 in
468 2975 634 3043 singularem
652 2989 792 3028 numerum
811 2968 882 3035 δόσις
901 2980 1027 3046 παντοίη,
1046 2975 1136 3030 omnia
1154 2979 1228 3030 recte
1248 2991 1276 3029 se
1294 2975 1397 3030 habent

275 3079 361 3131 neque
379 3065 518 3120 sententia
535 3063 590 3117 alia
608 3062 683 3116 iacta
702 3066 753 3128 est,
773 3068 856 3132 atque
874 3069 956 3119 antea
974 3064 1036 3118 luit.
1065 3064 1135 3118 Nam
1154 3065 1262 3132 propria
1279 3064 1322 3118 vis
1336 3063 1397 3118 sub-

273 3152 390 3206 stantivi
409 3147 481 3212 δόσις
497 3168 551 3207 non
571 3159 613 3206 est
632 3151 741 3215 donum,
766 3152 812 3206 aad
831 3154 902 3208 actio
921 3153 1015 3219 dandi,
1041 3158 1069 3207 et
1092 3153 1190 3207 deinde
1212 3153 1323 3208 notione
1341 3169 1397 3206 ma-

273 3241 318 3308 gis
335 3241 461 3294 universa
480 3241 578 3303 omnia,
599 3254 666 3307 quae
686 3238 798 3308 dantur;
817 3240 858 3292 ita
877 3241 949 3307 apud
966 3241 1122 3308 Homerum,
1142 3241 1214 3308 apud
1232 3243 1398 3309 quemquin·

275 3327 351 3394 quies
371 3333 475 3393 exstat,
495 3328 628 3396 singulari
648 3332 757 3382 tantum
774 3343 885 3383 numero
904 3327 1056 3383 adhibitum
1074 3329 1224 3398 invenitur;
1247 3331 1397 3398 posteriore

274 3417 382 3470 demum
401 3419 493 3470 aetate
511 3417 553 3470 vis
572 3416 645 3470 vocis
663 3416 704 3471 ita
722 3415 868 3472 immutata
886 3422 941 3483 est,
965 3423 997 3472 ut
1018 3418 1076 3474 fere
1093 3419 1243 3485 promiscue
1261 3419 1398 3476 diceretur

276 3499 348 3564 δόσις
367 3510 395 3559 et
415 3505 509 3575 δῶρον.
546 3505 589 3559 Sic
607 3504 692 3559 etiam
706 3504 865 3573 Theognidi,
885 3506 913 3561 in
932 3507 1007 3575 cujus
1025 3506 1146 3573 reliquiis
1166 3501 1237 3568 δόσις
1255 3507 1324 3562 alias
1343 3523 1397 3564 non

274 3593 392 3660 legitur,
410 3592 573 3652 vindicanda
591 3593 701 3648 videtur
719 3609 777 3648 esse
794 3594 881 3650 forma
898 3595 1047 3664 singularis
1066 3589 1137 3656 δόσις
1155 3600 1281 3666 παντοίη,
1300 3595 1346 3651 ita
1364 3601 1397 3650 ut

275 3686 367 3735 tamen
395 3682 533 3736 sententia
560 3684 610 3737 sit:
638 3697 813 3750 quaecunque
835 3699 851 3737 a
873 3685 930 3740 deis
952 3682 1149 3740 immortalibus
1177 3685 1291 3752 dantur,
1319 3683 1396 3739 vario

275 3768 351 3822 modo
370 3769 415 3824 vel
433 3770 509 3824 varia
527 3771 613 3826 forma
633 3771 666 3825 ad
685 3771 806 3826 hominos
824 3775 992 3840 perveniunt.
1023 3773 1099 3828 Addo
1117 3773 1232 3841 denique
1250 3773 1279 3827 in
1296 3772 1396 3828 ultimo

275 3858 425 3926 fragnmti
443 3863 614 3924 pentametro
633 3860 720 3914 multo
740 3861 832 3927 aptius
849 3860 952 3914 dictum
975 3861 1061 3916 videri
1084 3876 1142 3916 esse
1162 3857 1229 3933 δῶρ’
1250 3855 1396 3915 ἄδανότων

275 3959 356 4013 quam
374 3947 398 4000 si
416 3947 532 4016 legimus
551 3949 640 4003 nrm
660 3942 806 4002 ἀθανάτων
825 3946 854 4002 δὲ
873 3943 966 4014 δόσεις,
985 3965 1050 4004 voce
1069 3944 1154 4010 δόσεις
1173 3950 1267 4004 eadem
1284 3951 1396 4004 notione

275 4035 399 4090 adbibita
417 4041 500 4103 atque
519 4036 615 4090 statim
634 4036 707 4108 δῶρα
725 4031 879 4104 ἀθανάτων,
898 4053 959 4092 cum
977 4038 1093 4093 variatio
1113 4037 1150 4093 eit
1165 4037 1295 4107 jucunda,
1316 4037 1338 4090 si
1356 4039 1395 4093 le·

273 4123 375 4192 gimus:
396 4117 543 4178 ἀθανάτων
562 4123 591 4179 δὲ
611 4117 682 4185 δόσις
700 4129 815 4196 παντοίη
834 4132 885 4182 oto.
