3082 4656
328 1500 553 1567 Oollectionem
591 1499 767 1566 carminum
804 1498 1043 1578 amatoriorum,
1082 1462 1164 1579 quae
1205 1499 1363 1581 inscripta

238 1589 409 1671 ,,ἕλεγείων
432 1594 471 1674 p*
494 1587 529 1654 in
556 1588 622 1654 solo
651 1588 760 1654 codice
783 1587 961 1654 Mutinensi
984 1586 1184 1672 Theognidis
1216 1587 1363 1668 reliquiis

143 1691 146 1698 '
238 1679 350 1745 addita
382 1684 444 1758 est,
477 1683 649 1757 antequam
677 1677 819 1744 Bekker.
847 1676 941 1742 initio
969 1677 1065 1760 hujus
1098 1675 1219 1742 saeculi
1251 1675 1363 1756 edidit,

237 1767 365 1833 omnino
401 1786 551 1847 umquam
583 1766 749 1832 exstitisse
781 1784 873 1832 nemo
905 1763 1020 1831 habuit
1051 1765 1224 1848 cognitum.
1280 1765 1362 1831 Nam

236 1856 358 1922 nullum
372 1862 482 1922 exstat
501 1853 694 1937 scriptorum
708 1861 853 1922 veterum
871 1853 959 1920 hisce
979 1853 1019 1920 de
1038 1853 1195 1936 poematis
1214 1859 1361 1936 apertum

236 1944 468 2020 testimonium,
506 1943 627 2008 nullum
665 1944 827 2009 distichon
859 1943 981 2026 legitur
1012 1942 1098 2025 apud
1130 1941 1360 2025 florilegiorum

236 2039 395 2111 auctores,
417 2032 503 2113 quod
525 2051 566 2098 ex
588 2031 640 2098 his
662 2032 811 2099 versibus
834 2031 878 2098 sit
900 2037 1074 2113 receptum,
1097 2050 1138 2096 ne
1160 2031 1361 2114 Anthologia

236 2120 364 2201 quidem
388 2120 540 2186 Palatina
563 2120 748 2187 continetur
770 2120 869 2186 ullum
893 2119 1107 2203 epigramma,
1130 2120 1215 2200 quod
1242 2119 1277 2184 in
1299 2121 1361 2185 hoc

236 2209 425 2276 collectione
447 2209 643 2276 inveniatur.
688 2209 778 2292 Quae
801 2228 872 2274 cum
894 2209 943 2274 ita
967 2209 1041 2288 sint,
1063 2208 1134 2275 fieri
1158 2227 1222 2273 non
1245 2215 1362 2291 potest,

237 2297 314 2378 quin
343 2299 448 2363 omnia
475 2297 558 2376 fere,
590 2316 672 2376 quae
700 2298 742 2363 ed
769 2299 883 2362 horum
906 2317 1054 2364 versuum
1080 2296 1239 2376 originem
1261 2297 1361 2361 ratio-

235 2405 370 2466 nemque
388 2384 584 2467 pertineant,
607 2403 648 2450 ex
671 2384 718 2450 eis
741 2385 821 2466 ipsis
840 2393 1004 2450 eruantur.
1049 2383 1266 2466 Inscriptione
1284 2404 1362 2451 vero

236 2473 405 2555 „eleyetoo
428 2471 484 2558 β’“,
518 2491 599 2554 quae
631 2473 700 2538 sine
727 2473 823 2539 dubio
850 2472 1022 2539 referenda
1054 2479 1104 2538 est
1136 2473 1178 2538 ad
1201 2473 1363 2558 Theogni-

237 2563 368 2628 deorum
400 2561 529 2640 librum,
562 2562 617 2642 qui
648 2562 682 2627 in
714 2562 825 2628 codice
857 2561 1034 2628 Mutinensi
1067 2560 1264 2643 »Θεόγνιδος
1297 2561 1363 2628 ἐλε-

237 2657 330 2731 γείων
354 2649 409 2716 α’“
432 2651 629 2730 inscribitur,
656 2658 778 2718 certam
802 2651 962 2732 quandam
987 2650 1056 2717 sive
1079 2650 1273 2717 exteriorem
1296 2650 1366 2716 sive

235 2739 420 2805 interiorem
444 2740 603 2806 rationem
622 2737 824 2807 intercedere
842 2737 940 2806 alteri
959 2759 1029 2806 cum
1049 2739 1155 2805 altera
1173 2738 1363 2804 collectione

236 2828 384 2896 efficitur.
429 2830 479 2895 De
506 2830 567 2894 hac
594 2829 696 2911 igitur
723 2829 850 2894 ratione
881 2829 1068 2894 accuratius
1100 2846 1256 2909 quaerere
1284 2827 1362 2892 mihi

236 2917 396 2998 proposui.
434 2918 541 2998 Atque
564 2917 612 2982 ita
635 2917 763 2998 quidem
787 2917 1006 2997 quaestionem
1030 2916 1199 2982 absolvere
1218 2917 1364 2995 studebo,

236 3011 274 3070 ut
296 3004 398 3087 primo
423 3006 528 3087 capite
552 3024 661 3071 omnes
684 3012 822 3072 tractem
845 3024 907 3084 res,
930 3005 1045 3085 quibus
1069 3004 1223 3085 quomodo
1247 3024 1365 3086 appeu-

237 3094 293 3158 dr'x
325 3101 513 3176 comparata
545 3093 601 3172 sit,
633 3093 829 3172 illustretur,
862 3093 978 3159 deinde
1011 3092 1088 3173 quid
1120 3111 1161 3158 ex
1190 3092 1237 3158 eis
1265 3094 1362 3158 rebus

237 3182 399 3249 efficiatur
425 3183 468 3249 ad
494 3181 654 3248 rationem
681 3182 852 3264 appendici
879 3200 949 3247 cum
978 3180 1196 3264 Theognideis
1227 3181 1363 3246 interce·

237 3272 365 3336 dentem
393 3273 524 3354 ejusque
552 3269 688 3354 originis
721 3278 860 3353 tempus,
893 3272 1032 3337 secundo
1067 3271 1365 3351 comprehendam*

326 3447 341 3480 *
361 3447 430 3501 Usus
450 3465 508 3502 sum
529 3445 692 3503 editionibus
709 3453 738 3502 et
757 3446 1029 3506 commentationibus
1048 3445 1102 3499 his:
1123 3445 1257 3509 Weloker,
1277 3444 1364 3499 Theo·

236 3534 328 3604 gnidis
346 3535 485 3602 reliquiae.
507 3535 584 3591 1826.
613 3535 751 3604 Hartung,
770 3535 822 3592 ate
841 3533 1132 3606 grietbiltbcufflaglier.
1156 3532 1265 3603 delegiq.
1287 3532 1365 3586 1859.

237 3623 288 3678 rol.
309 3625 333 3678 1.
370 3624 489 3693 Ziagler,
514 3624 682 3694 Theognidis
706 3623 824 3693 elegiae,
848 3621 1100 3692 Tubingae.1880.
1125 3621 1165 3677 ed.
1185 3621 1222 3675 Π.
1259 3619 1365 3685 Sitaler,

236 3712 403 3782 Theognidis
421 3712 560 3779 reliquiae.
579 3709 787 3783 Heidelbergae.
807 3711 884 3767 1880.
922 3713 1022 3781 Bergk,
1041 3711 1143 3766 Poetae
1161 3708 1240 3776 lyrici
1257 3707 1366 3764 ersten

237 3801 270 3854 ed
289 3801 337 3856 IV.
356 3800 474 3870 Lipsiae.
495 3801 572 3858 1882.
592 3802 645 3858 vol.
665 3802 702 3856 II.
724 3831 756 3840 —
776 3802 804 3856 Ο.
825 3800 961 3867 Rintelen,
982 3800 1022 3855 De
1041 3798 1197 3867 Th00gnide
1211 3797 1365 3866 Megarensi

238 3893 327 3954 poete.
355 3889 426 3944 Diss.
449 3890 485 3946 in.
505 3883 672 3946 Monosterii.
694 3891 771 3946 1863.
819 3889 847 3944 O.
866 3888 977 3954 llltller,
1000 3889 1040 3943 De
1063 3887 1172 3956 scriptis
1191 3885 1367 3956 Theognidis.

238 3975 308 4031 Dies.
327 3977 364 4030 in.
384 3978 504 4034 Coronae
514 3979 716 4034 Germanorum.
737 3980 815 4034 1876.
853 3976 1133 4045 RichKuellenberg,
1153 3976 1194 4030 De
1212 3973 1367 4030 imitatione

237 4063 423 4134 Theognidea.
450 4065 520 4122 Diae.
539 4067 576 4123 in.
596 4066 783 4137 Argentorati.
803 4065 881 4121 1877.
919 4065 954 4121 Η.
974 4063 1172 4130 Schneidewin,
1195 4065 1236 4120 De
1254 4061 1367 4133 syllogis

238 4147 430 4222 Theognideis.
450 4155 519 4210 Dias.
535 4155 571 4210 in.
587 4155 774 4225 Argentoreti.
795 4153 873 4209 1878.
892 4181 928 4192 -
945 4170 1000 4208 van
1014 4154 1063 4209 der
1076 4152 1146 4222 Mey,
1166 4152 1262 4209 Studia
1280 4151 1368 4207 Theo-

1117 4241 1152 4295 1*
