3114 4658
661 354 883 418 ,44-

209 549 358 598 versuum
383 529 688 612 componendorum,
713 529 947 596 sententiarum
969 511 1096 596 ratione
1120 529 1335 612 exposuimus

209 619 354 685 carmina
377 617 566 700 appendicis
588 618 694 685 videri
723 618 872 685 confecta
899 637 971 684 esse
998 624 1076 685 ante
1098 618 1336 685 Alexandrino·

207 729 278 775 rum
298 713 452 790 tempora.
485 706 643 790 Quoniam
661 725 739 774 vero
759 707 886 773 auctori
904 706 1093 789 appendicis
1112 705 1337 773 collectionem

210 796 419 879 reliquiarum
443 795 724 878 Theognidearum
758 816 826 862 eam
858 796 940 875 fere,
973 815 1055 876 quae
1085 795 1178 861 nobis
1210 796 1338 862 tradita

209 891 268 965 est,
283 885 385 951 fuisse
399 889 476 951 ante
487 885 595 950 oculos
609 890 707 965 atque
722 904 794 950 eum
807 885 912 966 ipsum
926 883 1136 967 appendicem
1151 884 1336 950 collectioni

77 975 81 984 '
208 974 258 1039 illi
282 973 486 1057 subjunxisse
509 973 740 1052 intelleximus,
768 975 853 1039 hanc
881 991 1006 1054 quoque
1030 974 1099 1056 Jam
1119 992 1156 1039 eo
1180 978 1336 1055 tempore,

209 1081 270 1143 quo
304 1061 467 1145 appendix
499 1061 543 1128 sit
576 1061 736 1141 confecta,
769 1060 937 1127 exstitisse
969 1080 1101 1128 necesse
1134 1081 1206 1128 esse
1232 1067 1335 1144 patet.

210 1151 275 1218 Sed
299 1170 361 1232 quo
384 1157 530 1232 tempore
553 1150 753 1233 Theognidis
777 1150 961 1232 fragmenta
983 1150 1017 1216 in
1041 1169 1110 1216 eam
1132 1149 1215 1230 fere,
1239 1169 1334 1231 quam

209 1259 295 1306 nunc
327 1241 481 1305 habemus
514 1239 734 1304 collectionem
767 1244 925 1322 congesta
957 1238 1036 1318 sint,
1074 1238 1251 1304 dificillima
1284 1245 1336 1304 est

99 1323 102 1329 ’
210 1328 367 1411 quaestio,
391 1347 485 1409 quam
509 1346 606 1409 saepe
629 1328 771 1393 homines
796 1327 883 1394 docti
902 1327 1131 1395 diversissimis
1153 1326 1335 1394 rationibus

210 1419 380 1484 absolvere
405 1416 515 1481 conati
537 1422 622 1484 stunt.
664 1415 809 1482 Termini
833 1417 916 1482 enim
939 1416 1027 1482 mille
1048 1416 1119 1482 fere
1145 1417 1222 1482 anni
1250 1422 1335 1482 sunt.

208 1507 292 1571 Nam
316 1524 387 1570 cum
401 1505 564 1571 Welcker.
584 1523 718 1586 eumque
742 1504 845 1570 secuti
869 1504 926 1574 alii
948 1504 1095 1570 nonnulli
1118 1506 1157 1570 de
1180 1506 1334 1589 Byzanti-

208 1613 322 1661 norum
345 1593 543 1676 temporibus
567 1594 795 1678 cogitaverint,
819 1593 958 1671 fuerunt,
983 1593 1038 1675 qui
1061 1593 1259 1676 temporibus
1278 1596 1335 1660 ad·

209 1685 336 1748 modum
361 1682 503 1763 antiquis
528 1683 686 1766 syllogam
710 1682 830 1747 factam
850 1701 921 1748 esse
939 1683 1188 1748 arbitrarentur.
1225 1687 1335 1763 Atque

211 1773 320 1838 eorum
340 1772 468 1851 quidem
486 1771 608 1851 primus
627 1769 692 1836 fnit
701 1771 832 1852 Bergk,
852 1771 960 1851 quiin
977 1772 1060 1836 Mus.
1079 1771 1182 1837 Rhen.
1203 1771 1262 1839 vol.
1281 1772 1335 1836 ΙΠ

209 1866 244 1926 et
267 1858 383 1924 deinde
406 1859 440 1922 in
463 1859 552 1924 PLG
575 1860 636 1924 vol.
660 1859 703 1935 II,
727 1878 780 1941 pg.
805 1859 1334 1946 234squ.(eu.1v)sententiam

209 1967 300 2014 suam
323 1947 512 2013 confirmare
536 1947 671 2027 studuit,
691 1967 772 2028 quae
795 1947 892 2012 etiam
912 1947 1039 2014 Hillero
1064 1954 1098 2014 et
1116 1948 1266 2014 Olemmio
1287 1948 1335 2029 (in

209 2057 294 2102 cens.
318 2038 366 2102 ed.
390 2036 585 2104 novissimae
603 2036 749 2116 Bergan,
772 2035 861 2120 111111.
894 2035 1199 2122 bobtbb.1882pg.
1218 2039 1234 2101 1
1251 2042 1334 2119 squ.)

208 2127 346 2208 probata
379 2131 438 2190 est.
493 2126 687 2206 Plerumque
723 2125 869 2191 homines
902 2125 990 2191 docti
1025 2125 1074 2191 ita
1111 2125 1333 2207 quaestionem

208 2219 449 2293 tractaverant,
482 2220 519 2279 ut
546 2233 588 2280 ex
615 2233 654 2280 11
681 2214 820 2290 ratione,
854 2233 918 2295 qna
941 2215 1143 2293 Athenaeus,
1172 2213 1333 2294 Julianus,
1367 2267 1370 2272 .

209 2303 368 2369 Stobaeus
391 2302 449 2369 alii
472 2303 512 2369 de
536 2303 724 2386 Theognide
744 2304 876 2386 ejusque
900 2302 1032 2385 scriptis
1051 2305 1151 2371 verba
1174 2303 1331 2383 facerent,

208 2393 367 2475 syllogam
396 2391 638 2475 Theognideam
669 2391 762 2457 nobis
794 2391 949 2457 traditam
982 2397 1039 2458 aut
1070 2411 1134 2457 non
1162 2392 1331 2458 exstitisse

208 2487 265 2547 aut
288 2480 456 2546 exstitisse
479 2481 525 2546 eis
553 2480 764 2562 temporibus,
793 2481 909 2561 quibus
937 2481 1113 2563 scriptores
1139 2480 1189 2546 illi
1215 2480 1331 2546 florue-

206 2573 293 2647 runt,
312 2569 551 2634 concluderent.
589 2568 653 2634 Sed
667 2569 774 2634 Hiller
792 2569 973 2634 rectissime
991 2568 1076 2634 dixit
1094 2568 1133 2653 (c.
1147 2570 1167 2636 l.
1182 2590 1235 2653 pg.
1249 2569 1330 2654 468)

206 2677 246 2723 11
270 2676 310 2723 ex
333 2676 382 2735 re,
407 2657 491 2737 quod
515 2655 654 2739 scriptor
678 2657 806 2737 quidam
830 2658 870 2722 de
894 2657 1083 2740 Theognide
1106 2659 1238 2741 ejusque
1261 2677 1330 2724 car-

206 2745 345 2811 minibus
368 2745 417 2810 ita
436 2743 660 2828 judicavisset,
683 2749 721 2810 ut
744 2744 776 2810 ei
797 2746 957 2828 syllogam
974 2746 1067 2812 nobis
1086 2747 1243 2822 traditam
1265 2766 1331 2812 non

206 2839 316 2899 notam
339 2833 440 2900 fuisse
463 2838 646 2916 appareret,
670 2833 892 2900 collectionem
916 2854 985 2900 eam
1004 2836 1143 2901 nondum
1162 2835 1331 2902 exstitisse

207 2923 356 2989 concludi
380 2943 443 2989 non
467 2924 596 3002 debere,
630 2922 778 3004 quoniam
810 2922 892 2988 nihil
919 2923 983 2988 nisi
1016 2924 1206 3006 scriptorem
1238 2925 1330 2990 illum

206 3032 276 3078 eam
309 3032 373 3077 non
404 3012 533 3079 novisse
566 3011 759 3078 efficeretur.
810 3013 863 3078 Ita
895 3019 971 3094 apte
1003 3015 1095 3079 homo
1125 3012 1330 3079 doctissimus

207 3101 311 3166 addit:
339 3100 429 3180 „ibus
449 3097 529 3185 11111
554 3098 629 3183 otio:
658 3113 745 3169 beon
774 3099 820 3169 bie
843 3099 1013 3169 1111111111
1036 3101 1068 3168 in
1097 3102 1333 3186 ttgeubtoetcbea

205 3187 414 3272 bibitotbeteo
442 3189 504 3256 aab
534 3190 565 3257 tu
593 3189 822 3274 icqeobtoetcbec
847 3188 929 3274 31111
957 3203 1019 3258 boo
1043 3189 1242 3274 &temptores
1271 3191 1329 3272 at:

205 3277 312 3360 ttiecte,
336 3275 365 3356 11
390 3274 523 3358 1111111
547 3277 615 3362 autb
638 3276 814 3362 jebermoon
838 3277 963 3362 qcioont
987 3277 1120 3362 bobeal¹‘
1157 3278 1246 3344 Nihil
1268 3278 1329 3362 igi-

205 3373 260 3432 tur
284 3367 415 3431 obstare
437 3365 582 3445 videtur,
610 3366 779 3446 quominus
807 3365 1026 3432 collectionem
1049 3367 1248 3450 temporibus
1272 3367 1328 3433 ad-

204 3455 329 3521 modum
364 3454 508 3535 antiquis
540 3473 611 3520 esse
644 3460 829 3538 congestam
864 3474 936 3522 cum
962 3455 1107 3538 Bergkio
1140 3462 1174 3521 et
1202 3457 1328 3522 Hillero

204 3544 407 3610 arbitremur.
454 3542 544 3626 Quae
576 3544 740 3610 sententia
771 3544 917 3610 nonnihil
950 3544 1158 3610 confirmatur
1180 3544 1328 3611 Platonis

204 3633 282 3711 loco,
307 3634 346 3698 de
369 3634 432 3715 leg.
455 3633 530 3711 VH,
554 3633 621 3698 810
640 3633 682 3711 Ε,
707 3651 799 3713 quem
822 3634 943 3715 Bergk.
962 3634 1085 3712 attulit,
1109 3653 1170 3714 quo
1190 3635 1256 3717 jam
1281 3633 1328 3700 eis

205 3722 405 3801 temporibus
429 3721 584 3804 ejusmodi
608 3720 815 3787 collectiones
839 3721 1006 3788 exstitisse
1029 3722 1184 3803 efficitur,
1213 3723 1329 3788 deinde

204 3827 282 3876 vero
306 3809 443 3875 maxime
466 3810 652 3893 appendice,
676 3829 740 3891 qua
758 3809 865 3875 Hiller
887 3809 1010 3891 primus
1032 3812 1075 3876 ad
1098 3812 1182 3878 hanc
1200 3816 1328 3877 senten-

204 3898 282 3964 tiam
307 3899 573 3980 comprobandam
598 3918 675 3966 usus
698 3903 757 3964 est.
803 3899 920 3979 Itaque
943 3899 1091 3964 Platonis
1114 3898 1184 3964 fere
1206 3906 1327 3981 tempo-

204 3987 294 4053 ribus
318 3987 480 4070 appendix
503 3988 652 4053 confecta
675 3993 773 4067 atque
798 3987 1027 4071 Theognideae
1050 3988 1232 4054 collectioni
1256 4007 1327 4055 esse

204 4077 376 4159 subjuncta
399 4075 539 4142 videtur.
576 4075 674 4140 Haud
697 4075 746 4139 ita
769 4075 879 4140 multis
902 4094 971 4140 eam
992 4095 1070 4141 sane
1088 4075 1190 4141 fuisse
1208 4081 1326 4156 notam,

203 4171 376 4247 propterea
399 4164 483 4245 quod
507 4165 591 4244 apud
619 4161 848 4244 florilegiorum
876 4167 1026 4228 auctores
1054 4163 1198 4243 aliosque
1226 4164 1326 4243 scrip-
