3114 4658
669 373 891 438 ..42-

219 552 303 618 serio
328 553 553 634 oppugnando,
577 553 633 618 sed
657 549 845 618 cavillomm
868 549 998 616 facetiis
1021 549 1179 616 declinari
1196 549 1250 617 vel
1271 569 1345 632 pro-

219 641 341 707 caciter
359 641 497 722 propelli
516 642 633 707 solent:
651 640 750 722 longe
767 638 940 706 maximam
958 644 1066 704 autem
1086 639 1129 704 ad
1141 639 1224 704 illud
1242 657 1345 724 genus

220 729 284 798 vim
316 730 417 795 habet
444 729 577 812 jocandi
607 728 827 812 ingeniolique
859 727 1047 794 ostentandi
1077 727 1192 794 innata
1223 728 1345 793 homini

219 817 335 900 cupido
359 822 457 899 atque
480 819 658 900 voluptas‘t
703 817 820 898 Itaque
843 817 1093 900 appellationem
1118 805 1142 881 ὦ
1165 827 1237 896 παῖ,
1261 835 1345 897 quae

219 907 254 972 in
276 907 424 989 plurimis
447 907 634 989 appendicis
657 904 853 974 carminibus
876 906 1007 988 legitur,
1030 907 1227 987 respondere
1250 923 1345 972 voca-

221 995 290 1062 tivo
314 994 435 1082 Kolpos,
468 996 523 1076 qui
554 995 589 1061 in
622 1000 673 1060 tot
700 994 981 1078 Theognidearum
1013 993 1224 1075 reliquiarum
1253 993 1345 1076 frag·

219 1083 337 1150 mentis
368 1083 553 1164 invocatur,
586 1091 685 1165 atque
717 1085 777 1149 hoe
809 1083 903 1148 modo
936 1082 1018 1148 satis
1052 1101 1122 1148 esse
1150 1081 1346 1164 explicatam

219 1171 377 1238 existimo.
427 1173 509 1238 Nam
541 1192 600 1255 pro
633 1177 722 1238 certo
754 1172 869 1237 haberi
900 1176 1009 1254 potest
1042 1171 1248 1254 cogitandum
1280 1189 1347 1236 non

220 1281 291 1328 esse
310 1263 456 1328 decerto
472 1262 609 1343 quodam
627 1280 737 1343 puero,
756 1279 889 1341 quuocum
908 1265 1007 1342 poeta
1026 1278 1135 1326 amore
1153 1261 1347 1343 conjumctus

221 1349 331 1429 fuerit,
355 1351 412 1416 sed
434 1350 531 1415 finxit
552 1350 608 1415 ille
631 1351 673 1416 ad
697 1349 875 1432 exemplum
899 1349 999 1432 Cyrni
1021 1367 1164 1430 puerum,
1188 1354 1226 1413 ut
1248 1349 1347 1412 habe-

218 1445 279 1518 ret,
302 1439 345 1504 ad
368 1458 462 1519 quem
484 1457 592 1522 nugae
614 1439 699 1504 istae
722 1438 864 1504 eroticae
888 1437 1038 1503 conditae
1057 1455 1128 1503 esse
1145 1436 1345 1504 viderentur.

219 1527 407 1610 Quicunque
426 1546 550 1609 versus
573 1545 780 1608 quaecunque
799 1527 981 1592 sententiae
999 1526 1198 1592 formulaeve
1216 1523 1347 1590 dicendi

219 1615 296 1681 libri
318 1617 436 1698 prioris
464 1622 562 1698 aptae
589 1616 620 1682 ei
642 1635 713 1682 esse
736 1614 932 1683 videbantur
961 1615 1003 1681 ad
1032 1634 1086 1680 eos
1109 1633 1237 1693 versus,
1264 1632 1347 1694 quos

220 1705 358 1771 condere
381 1705 416 1769 in
438 1713 546 1772 mente
568 1706 724 1783 habebat,
752 1705 799 1769 eis
822 1724 899 1770 usus
923 1708 985 1780 est,
1015 1703 1113 1769 etiam
1139 1703 1271 1804 integra
1298 1702 1347 1767 di-

222 1793 328 1858 sticha
346 1792 478 1874 recepit,
502 1794 670 1858 dummodo
691 1811 798 1858 eorum
819 1792 1000 1858 sententiae
1018 1792 1053 1858 vi
1071 1791 1194 1858 erotica
1212 1795 1347 1874 possent

220 1880 379 1964 intellegi.
425 1881 489 1947 Sed
517 1882 614 1947 etiam
642 1900 775 1963 poeseos
803 1880 914 1962 epicae
942 1887 1107 1947 auctorem
1133 1881 1236 1946 fuisse
1263 1879 1353 1945 satis

218 1969 373 2051 peritum,
406 1989 447 2034 ex
475 1969 585 2036 multis
613 1969 660 2036 eis
687 1971 797 2048 rebus,
825 1989 906 2051 quas
928 1969 1084 2050 repetivit
1107 1970 1148 2034 de
1174 1968 1241 2048 illa,
1264 1987 1347 2048 quas

219 2077 318 2140 supra
337 2059 567 2141 congessimus,
586 2065 729 2141 apparet.
768 2058 904 2124 Omnino
922 2059 1054 2125 uidetur
1074 2058 1129 2123 diu
1147 2058 1347 2137 multumque

107 2214 110 2228 ,
218 2152 369 2216 versatus
402 2167 473 2213 esse
505 2147 540 2212 in
573 2147 768 2214 carminibus
800 2147 1018 2229 antiquiorum
1049 2152 1219 2229 poetarum
1247 2151 1347 2226 atque

218 2236 357 2301 maxime
389 2236 516 2317 quidem
549 2236 778 2319 elegiacorum,
815 2236 952 2316 ideoque
984 2235 1103 2318 optime
1136 2254 1176 2300 ea
1206 2234 1352 2301 novisse:

219 2323 273 2390 Sic
301 2325 335 2390 id
362 2345 488 2406 quoque
516 2326 672 2407 explicari
700 2330 821 2407 potest,
850 2326 1006 2406 quomodo
1031 2324 1193 2389 distichon
1215 2321 1343 2388 Solonis

217 2413 256 2478 in
284 2414 506 2480 collectionem
533 2415 717 2497 irrepserit;
745 2419 859 2480 auctor
885 2415 1076 2480 recordatus
1099 2418 1150 2478 est
1172 2417 1270 2492 atque
1292 2431 1343 2477 re·

219 2501 306 2583 oepit
330 2506 363 2566 et
386 2498 502 2568 deinde
525 2503 648 2583 pluries
671 2522 708 2568 eo
732 2503 774 2568 ad
797 2503 989 2570 variandum
1013 2519 1090 2568 usus
1114 2505 1173 2567 est.
1218 2499 1344 2566 Eodem

218 2591 310 2655 modo
344 2590 633 2671 comparationum,
666 2610 748 2672 quae
781 2591 987 2656 continentur
1017 2609 1071 2658 vu.
1101 2589 1276 2655 1283-94
1310 2594 1345 2654 et

220 2678 383 2757 1345—8,
407 2684 557 2744 auctores
576 2679 708 2760 genuini
725 2685 863 2760 possunt
880 2679 981 2744 fnisse
1000 2683 1115 2760 poetae
1134 2677 1344 2759 antiquiores

221 2768 431 2833 Mimnermus
449 2766 603 2848 fortasse;
626 2787 700 2832 nam
720 2787 757 2832 ex
777 2769 934 2846 eomodo,
954 2787 1015 2848 quo
1030 2767 1247 2850 Theognideis
1265 2785 1345 2832 usus

223 2860 274 2921 est
297 2861 410 2921 auctor
433 2855 630 2938 appendicis
653 2862 742 2922 recte
764 2856 895 2922 videtur
919 2856 1066 2922 concludi
1088 2875 1183 2938 posse
1206 2855 1344 2922 aliorum

220 2949 387 3026 poetarum
410 2964 527 3012 uersus
550 2945 798 3026 sententiasque,
822 2965 892 3011 eum
921 2945 1018 3010 simili
1044 2943 1229 3010 rationein
1253 2963 1346 3009 suam

217 3053 286 3099 rem
305 3033 512 3100 convertisse.
541 3034 613 3118 Qua
630 3036 671 3100 de
690 3053 790 3100 causa
806 3040 941 3117 propter
950 3033 1103 3115 Apolonii
1120 3033 1212 3099 illum
1229 3034 1345 3112 locum,

217 3141 429 3204 quemsupra
448 3123 555 3202 attuli,
573 3123 729 3204 imprimis
748 3123 784 3188 in
803 3122 944 3189 carmine
957 3122 1060 3205 primo
1080 3121 1207 3188 auctori
1226 3140 1343 3204 appen-

218 3209 299 3275 dicis
322 3211 467 3292 exemplo
492 3210 592 3277 fuisse
611 3217 689 3292 puto
708 3217 824 3293 poetae
842 3212 1035 3293 antiquioris
1053 3229 1168 3278 versus
1188 3210 1346 3292 quosdam

218 3297 403 3378 simillimos,
422 3300 604 3367 Mimnermi
622 3300 771 3379 fortasse,
795 3319 874 3381 quos
894 3301 991 3366 etiam
1009 3297 1202 3381 Apollonius
1220 3300 1254 3365 in
1272 3317 1345 3366 ver·

219 3386 308 3452 sibus
324 3387 392 3453 suis
406 3388 581 3454 condendis
595 3388 630 3454 in
643 3393 750 3454 mente
764 3389 924 3455 habuerit.
948 3389 1034 3454 Saue
1044 3407 1085 3453 ex
1095 3388 1249 3466 omnibus,
1264 3406 1346 3469 quas

219 3475 325 3542 adhuc
340 3476 483 3558 exposui,
502 3478 598 3543 rebus
613 3483 711 3559 atque
730 3483 806 3544 ante
824 3478 931 3544 omnia
949 3497 988 3543 ea
1007 3496 1048 3542 ex
1066 3496 1112 3556 re,
1130 3477 1215 3558 quod
1234 3476 1345 3542 multis

218 3564 294 3630 libri
308 3564 426 3647 prioris
441 3565 634 3648 fragmentis
648 3567 808 3633 adductus
823 3571 874 3633 est
888 3572 1003 3632 auctor
1016 3567 1058 3631 ad
1068 3566 1212 3632 carmina
1222 3563 1346 3632 erotica

218 3653 377 3732 facienda,
400 3654 532 3736 ipseque
555 3674 664 3720 eorum
684 3656 861 3721 carminum
880 3655 1102 3720 collectionem
1125 3653 1346 3737 Theognideis

221 3742 396 3824 subjunxit,
425 3742 591 3808 eonsilium
620 3745 777 3824 quoddam
806 3744 991 3825 parodicum
1024 3743 1245 3826 accipiendum
1273 3761 1346 3808 esse

220 3835 367 3912 apparet,
381 3833 464 3911 quod
474 3838 583 3898 tamen
592 3851 657 3897 non
664 3833 713 3898 ita
721 3832 870 3915 intellegi
877 3833 960 3912 volo,
970 3832 1072 3914 quasi,
1081 3833 1346 3914 quemadmodum

218 3937 285 3986 van
299 3919 358 3985 der
371 3921 455 4002 May.
474 3920 562 3999 fecit,
581 3941 677 3986 unum
692 3923 839 4003 quodque
854 3921 1041 4003 appendicis
1060 3941 1192 3987 carmen·
1208 3919 1345 4002 parodia

220 4007 264 4074 sit
278 4009 361 4074 certi
375 4010 541 4093 cujusdam
555 4009 631 4075 libri
645 4010 763 4092 prioris
782 4010 966 4092 fragmenti.
999 4010 1063 4076 Sed
1081 4010 1190 4093 potius
1208 4010 1257 4074 ita
1275 4010 1345 4075 fere

221 4101 336 4164 exorta
355 4117 425 4163 esse
448 4100 529 4164 haec
552 4098 696 4164 carmina
718 4103 806 4179 puto,
829 4103 866 4163 ut
889 4103 1003 4164 auctor
1027 4118 1148 4178 eorum,
1175 4102 1345 4179 postquam

219 4186 314 4252 initio
342 4187 504 4253 nonnullis
531 4187 608 4252 libri
634 4186 752 4268 prioris
779 4186 972 4269 fragmentis
1004 4187 1159 4268 impulsus
1188 4191 1275 4252 esset
1302 4186 1345 4251 ad
