3114 4658
629 315 851 377 „27..

179 491 265 572 apud
288 490 488 556 Nitzschium
512 495 697 556 accuratam
726 490 944 558 definitionem
966 491 1138 558 verborum
1165 492 1303 580 illorum,

162 597 263 661 vquae
285 580 328 644 ad
351 581 576 664 conjungenda
598 578 728 661 singula
747 579 894 645 carmina
917 581 1158 646 accommodata
1186 587 1302 646 essent

179 671 329 749 Apparet
348 667 441 747 enim,
460 667 489 733 si
508 666 634 733 omnino
654 668 694 731 de
713 667 867 753 ejusmodi
885 667 1013 734 ratione
1031 668 1170 752 cogitari
1183 673 1303 750 posset,

178 775 244 822 non
267 756 433 837 quodlibet
455 758 589 824 uerbum
612 755 726 836 quovis
749 775 864 823 versus
891 757 960 822 loco
990 757 1209 839 copulativam
1232 775 1304 822 esse

177 864 285 927 posse,
315 846 372 910 sed
394 846 552 913 vocabula
579 849 707 910 tantum
735 845 909 926 conspicua
936 845 970 909 in
994 845 1165 926 conspicuo
1187 863 1304 912 uersus

178 935 247 999 loco
274 933 390 1016 posita.
437 934 514 1000 Cum
543 943 649 998 autem
677 933 712 998 in
740 934 800 1013 eiS,
830 952 913 1016 quae
936 933 1141 1000 Nietzschius
1169 953 1305 1015 eumque

179 1028 310 1088 secutus
332 1021 536 1088 Fritzschius
560 1029 821 1102 composuerunt,
849 1023 940 1088 nulla
961 1021 1031 1088 iere
1059 1023 1137 1099 sint,
1167 1041 1250 1104 quae
1274 1022 1304 1087 ei

181 1110 361 1176 condicioni
384 1109 598 1192 satisfaciant,
621 1109 692 1176 lieri
714 1129 779 1176 non
796 1113 914 1192 potest,
939 1112 1016 1192 quin
1035 1111 1214 1176 Nietzschii
1232 1129 1303 1176 sen-

178 1200 315 1265 tentiam
343 1199 457 1266 falsam
487 1218 558 1265 esse
586 1217 781 1264 censeamus,
827 1199 950 1265 Eodem
979 1201 1070 1265 modo
1099 1199 1167 1266 iere
1195 1218 1304 1264 omnes

181 1288 327 1354 homines
350 1287 446 1366 docti,
471 1287 526 1368 qui
549 1292 622 1369 post
645 1287 865 1353 Nietzschium
888 1289 949 1354 hac
973 1289 1013 1353 de
1035 1308 1071 1353 re
1095 1288 1303 1370 scripserunt,

179 1383 217 1444 ut
240 1377 281 1443 H.
306 1375 563 1456 Schneidewin*,
586 1375 747 1458 Bergk**,
770 1377 831 1443 Ed.
850 1375 1023 1456 Hiller***,
1047 1376 1199 1464 clemmq
1219 1377 1303 1460 judi-

178 1471 345 1532 caverunt.
392 1464 482 1548 Quiac
511 1483 582 1530 mea
609 1466 773 1530 sententia
796 1485 836 1531 ex
860 1483 899 1531 ca
922 1465 1061 1545 ratione,
1088 1483 1151 1547 qna
1174 1466 1304 1548 singula

180 1552 368 1634 appendicis
388 1553 531 1620 carmina
549 1554 584 1618 in
603 1553 793 1619 collectione
812 1558 959 1637 exstant,
970 1561 1107 1636 possunt
1125 1554 1203 1632 erui,
1222 1555 1303 1620 haec

179 1649 269 1708 sunt:
292 1641 326 1707 in
350 1642 565 1723 compluribus
589 1642 776 1724 appendicis
800 1642 949 1724 partibus
974 1641 1026 1723 (cf.
1045 1661 1096 1711 vv.
1118 1643 1303 1722 1235-52,

179 1751 231 1798 vv.
257 1729 491 1815 1279-1318)
515 1729 659 1798 carmina
687 1733 830 1814 ejusdem
852 1732 905 1798 uel
933 1730 1049 1798 similis
1071 1732 1124 1799 uel
1148 1730 1303 1797 contrarii

179 1819 364 1902 argumenti
397 1838 468 1885 esse
501 1819 678 1901 composita
710 1820 824 1903 negari
856 1839 921 1885 non
948 1825 1070 1902 potest3
1101 1821 1197 1885 immo
1225 1839 1302 1884 non·

179 1908 281 1975 nullis
314 1907 394 1973 locis
427 1913 549 1973 certum
578 1909 735 1989 quoddam
765 1909 931 1974 consilium
964 1908 1108 1975 auctoris
1140 1907 1304 1976 invenisse

183 1995 276 2062 nobis
302 1997 458 2075 videmur,
487 2015 544 2061 cur
571 1997 708 2062 alterum
738 1997 835 2062 alteri
862 1997 997 2063 carmini
1028 1997 1302 2082 subjunxissetit.

179 2085 311 2168 Quare
339 2104 435 2166 saepe
462 2085 533 2151 fieri
559 2085 717 2167 potuisse,
746 2090 783 2151 ut
806 2085 905 2152 etiam
927 2087 1096 2153 verborum
1126 2084 1302 2151 similitudo

182 2173 370 2253 exsisteret,
397 2192 488 2239 nemo
513 2174 576 2240 erit
599 2174 675 2256 quin
700 2176 865 2241 concedat.
912 2175 1090 2241 Praeterea
1112 2175 1302 2240 monendum

181 2267 231 2328 est
253 2281 419 2328 numerum
443 2281 549 2328 eorum
575 2263 759 2343 carminum,
783 2281 865 2344 quae
883 2282 947 2329 non
966 2265 1007 2328 ad
1026 2281 1160 2346 puerum
1180 2263 1303 2344 scripta

179 2353 264 2430 sunt,
289 2351 346 2416 sed
365 2351 545 2417 sententias
564 2352 733 2434 generales
752 2353 792 2416 de
810 2370 980 2433 puerorum
999 2369 1107 2416 amore
1126 2350 1303 2431 continent,

179 2441 238 2505 sub
265 2439 359 2505 finem
388 2439 586 2505 collectionis
611 2441 711 2506 multo
740 2441 891 2523 majorem
920 2458 991 2505 esse
1019 2458 1112 2521 quam
1135 2439 1170 2504 in
1193 2439 1302 2521 priore

179 2534 282 2610 parte.
320 2528 398 2594 Cum
417 2527 501 2593 enim
524 2547 625 2610 usque
648 2530 690 2594 ad
708 2548 738 2596 v.
759 2529 845 2592 1334
868 2547 972 2610 pauca
995 2534 1122 2595 tantum
1147 2527 1302 2614 ejusmodi

180 2615 324 2682 carmina
345 2617 470 2684 inserta
492 2616 709 2698 inveniantur,
732 2617 808 2683 inde
830 2638 898 2684 av.
918 2617 1004 2682 1335
1028 2637 1129 2698 usque
1148 2617 1301 2683 adfinem

183 2707 278 2788 plura
300 2711 441 2786 exstant,
465 2725 558 2786 quam
583 2726 666 2786 quae
688 2707 729 2772 ad
752 2723 886 2788 puerum
910 2707 1040 2773 condita
1063 2712 1146 2772 sunt.
1193 2705 1303 2786 Atque

178 2795 340 2860 nonnullis
377 2796 505 2876 quidem
542 2795 621 2862 locis
658 2800 849 2878 argumento
887 2795 945 2862 illa
983 2795 1102 2862 similia
1135 2800 1211 2860 sunt
1243 2799 1302 2860 aut

179 2901 303 2960 eorum,
331 2883 446 2963 quibus
475 2884 647 2966 subjnncta
670 2889 746 2950 sunt
768 2889 827 2950 aut
851 2903 974 2964 eorum,
1004 2903 1086 2964 quae
1114 2889 1302 2964 sequuntur,

179 2975 237 3035 aut
256 2969 393 3051 denique
411 2978 634 3054 utrorumque;
654 2972 693 3038 ci.
713 2973 902 3054 1267-703
924 2974 1009 3038 1278
1030 2972 1091 3053 cd3
1112 2972 1301 3052 1323-263

182 3057 366 3125 1341-50.
404 3059 540 3143 Saepius
564 3079 640 3126 vcro
664 3062 791 3128 omnino
814 3080 878 3127 non
901 3063 1089 3143 cohaerent3
1112 3060 1207 3125 immo
1225 3079 1302 3125 non·

177 3167 340 3228 nunquam
364 3149 466 3215 series
488 3149 734 3230 poematiorum,
763 3170 897 3233 quorum
925 3149 1108 3216 sententiae
1134 3150 1168 3214 in
1192 3151 1301 3215 eodem

177 3236 247 3302 iere
280 3242 470 3320 argumento
495 3243 682 3318 versantur,
716 3240 762 3305 eis
794 3240 890 3321 plane
921 3239 1184 3322 interrumpitur,
1217 3239 1302 3304 sicut

176 3344 230 3391 vv.
255 3325 408 3392 1253--6
432 3325 496 3412 (vv.
523 3327 698 3393 1249-52
722 3328 806 3394 enim
828 3347 909 3410 puer
932 3347 1002 3394 cum
1027 3347 1122 3410 equo,
1148 3327 1302 3392 1257-8

177 3430 258 3496 puer
290 3433 360 3480 oum
392 3415 488 3484 milvo
522 3416 739 3502 comparatur)
773 3422 807 3482 et
834 3434 886 3484 vv.
916 3417 1077 3488 1335-6.
1122 3415 1300 3481 Dicendum

179 3501 283 3585 igitur
306 3507 356 3568 est
379 3509 502 3571 certum
525 3506 684 3586 quoddam
708 3505 883 3586 consilium,
908 3525 969 3587 quo
989 3511 1073 3572 tota
1092 3505 1239 3570 collectio
1259 3505 1302 3568 sit

267 3785 281 3815 *
300 3803 322 3839 c.
339 3787 357 3840 1.
377 3803 423 3856 pg.
442 3787 485 3840 37.

253 3873 284 3906 **
303 3873 384 3930 PLG.
403 3875 441 3941 H,
459 3892 506 3945 pg.
527 3878 588 3932 235.

240 3961 288 3996 *⁹⁵*
308 3979 329 4016 c.
348 3964 366 4017 1.
385 3979 431 4032 pg.
451 3963 513 4020 471.

267 4050 454 4118 ῒῧῐεᾰείἱειιὲ
473 4053 638 4124 8111581111.
666 4056 719 4109 vol.
741 4053 801 4108 125.
831 4053 908 4108 1882.
936 4069 982 4122 pg.
1004 4055 1018 4106 1
1039 4070 1095 4120 squ.

248 4139 290 4206 ††
309 4139 343 4194 cf.
362 4155 432 4207 quae
451 4141 639 4196 adnotavimus
659 4158 740 4209 supra
759 4141 868 4210 singula
886 4141 920 4196 ad
939 4141 1068 4198 canusina.
