3114 4658
672 313 871 377 „5:-

212 491 500 567 demonstraturus
519 489 697 571 apparebit
734 491 788 556 ita
805 490 877 556 fieri
894 509 959 556 non
976 494 1094 573 potest,
1112 491 1194 570 quin
1207 491 1336 572 utrique

211 585 327 661 poetae
351 580 486 644 eumdem
509 577 701 658 antiquioris
723 579 827 645 locum
846 578 1040 644 simillimum
1059 579 1092 644 in
1111 586 1217 646 mente
1235 579 1336 646 fuisse

212 686 409 734 censeamus.
454 666 545 749 Quae
576 686 629 733 res
661 667 759 733 etiam
790 667 987 750 probabilior
1017 667 1087 745 fiet,
1116 667 1144 733 si
1171 673 1343 735 auctorem

211 756 384 822 earminem
412 755 599 837 appendicis
626 755 841 836 antiquiorum
869 761 1037 838 poetarum
1060 756 1282 838 etepioorum
1302 763 1336 824 et

211 845 427 998 elegiaoorum
449 852 619 926 poemata
622 864 692 910 oum
716 845 845 912 novisse
872 851 942 911 tum
967 845 1001 910 in
1028 864 1122 911 usum
1148 864 1239 911 suum
1259 865 1338 912 oon

210 933 426 1000 vertisse-
456 933 490 998 id
523 933 606 1013 quod
630 933 834 1014 Apollonium
862 933 987 1001 iecisse
1011 933 1093 1000 satis
1130 940 1259 1052 constat
1291 973 1334 980 —

211 1027 262 1087 ost
248 1023 339 1088 tendi
361 1027 478 1105 potest.
561 1049 563 1058 ι

299 1108 538 1192 Versuiv33
569 1111 682 1176 similis
715 1071 776 1177 est
796 1063 885 1176 libri
904 1111 1021 1193 prioris
1053 1131 1083 1179 v.
1113 1113 1214 1228 1137
1250 1065 1339 1192 quod

210 1200 331 1265 attinet
353 1201 396 1265 ad
418 1199 603 1284 rhythmum
626 1206 660 1266 et
683 1201 738 1266 ad
743 1200 884 1282 figuram
907 1201 1181 1283 anastrophen:
1331 1235 1332 1238 ι

343 1286 444 1376 ᾤχετο
467 1291 528 1372 μὲν
552 1294 672 1367 Πίστις,
696 1288 822 1376 μεγάλη
845 1287 932 1368 θεός,
956 1287 1125 1412 ᾤχετοιι”
1137 1286 1271 1422 ἀνδρῶν

344 1375 609 1464 Σωφροσύνη.

298 1467 399 1530 Praet
385 1472 476 1530 terea
507 1484 619 1540 moneo
651 1465 769 1532 similia
800 1472 898 1547 atque
929 1466 1009 1532 illud
1042 1464 1214 1532 oilero-
1243 1474 1335 1555 σησιν

210 1550 427 1626 ἀτασθαλίας
450 1573 547 1635 saepe
569 1554 656 1636 apud
678 1551 883 1621 Homerum
873 1555 1023 1634 mveniri‚
1048 1575 1074 1620 e
1098 1575 1124 1621 o
1147 1562 1177 1620 A
1196 1557 1274 1621 409:

342 1653 445 1708 κεῖνοι
468 1645 501 1708 δὲ
525 1650 717 1730 σφετέρῃσιν
741 1640 1012 1746 ἀτασθαλίῃσιν
1005 1606 1128 1710 ἀλοντο.

219 1771 221 1776 -
299 1731 371 1797 Vox
395 1728 614 1797 ἀτασθαλία“
604 1751 640 1797 ιιι
662 1732 725 1798 fine
747 1734 929 1798 hexametn
946 1732 1069 1816 legitur
1087 1733 1234 1810 etiamv.
1255 1733 1333 1797 754:

342 1819 493 1921 σώφρονα
517 1816 672 1902 9ογιὸν”
653 1843 735 1901 εχοιν
759 1819 848 1895 ἐκτὸς
872 1818 1083 1908 ἀτασθαλίης

295 1908 371 1974 Jam
399 1908 545 1988 sequitur
573 1910 758 1975 carminum
776 1911 876 1976 series
905 1910 1146 1992 amatoriorum,
1179 1929 1262 1990 quae
1289 1911 1331 1975 ad

207 2015 341 2078 puerum
367 1996 498 2063 condita
525 2004 609 2064 sunt
654 1999 764 2079 Atque
789 1998 891 2081 primo
920 1999 1048 2080 quidem
1077 1998 1159 2085 (ιι.
1167 1999 1290 2064 1935-
1300 1999 1332 2079 8)

207 2091 304 2166 poeta
327 2106 347 2151 a
369 2104 468 2168 puero
497 2085 593 2168 petit,
622 2092 659 2152 ut
686 2106 722 2155 se
749 2088 863 2154 audiat
885 2107 967 2155 neve
990 2087 1052 2154 sibi
1075 2087 1168 2154 desit.
1214 2109 1244 2155 v.
1267 2087 1333 2153 496

206 2172 447 2283 adjectivum”
425 2198 523 2261 ιιχαρι
545 2175 580 2240 in
602 2176 714 2242 eadem
736 2196 855 2242 versus
873 2177 950 2244 sede
973 2176 1059 2259 posit
1060 2195 1112 2243 um
1137 2181 1199 2243 est:

338 2259 459 2344 χούτιος
482 2262 665 2346 συμπόσιον
688 2271 811 2344 γίνεται
835 2262 893 2329 οὐκ
917 2263 1022 2346 ἄχαρι.

295 2353 401 2418 Totus
432 2370 509 2418 vero
542 2355 744 2433 pentameter
779 2353 863 2416 1238
897 2360 1006 2419 exstat
1036 2352 1071 2416 in
1102 2352 1184 2418 libro
1217 2352 1334 2434 priore,

208 2458 238 2504 u.
265 2440 362 2505 1066:
1317 2493 1340 2514 ,Α

320 2532 507 2637 Δημῶνηξ,
531 2530 582 2592 σοι
604 2525 713 2594 πολλοὶ
737 2536 850 2615 φέρειν
873 2527 969 2615 βαρυ·
995 2526 1033 2594 οὗ
1057 2526 1116 2637 γὰρ
1140 2511 1256 2618 επιστη
1327 2527 1329 2532 ’

343 2613 439 2681 τοῦθ
464 2613 619 2703 ἕρδειν,’
604 2643 620 2680 ο
644 2642 677 2682 τι
699 2636 751 2688 σοι
774 2616 821 2705 μὴ
844 2607 1111 2706 καταθιιῇμιονξ

296 2703 423 2771 Similes
447 2724 572 2786 quoque
595 2711 672 2772 sunt
694 2726 746 2774 ιι
773 2708 868 2786 1095,
892 2708 925 2771 6:

338 2801 484 2868 Σκέιιτεο
507 2792 546 2881 δη
569 2820 629 2860 νον
653 2791 807 2871 tillon*
791 2802 867 2878 εμοί
888 2818 921 2876 γε
945 2797 1006 2879 μὲν
1029 2793 1119 2868 οὗτος
1142 2792 1265 2883 ἀνάγκη
1336 2809 1342 2820 ”

341 2880 438 2948 τοῦθ’
463 2881 583 2969 ἕρ·δειν

205 2969 342 3049 denique
365 2991 417 3039 ιι.
441 2972 515 3052 669,
540 2972 595 3038 90:
721 3025 722 3030 ,
1260 3049 1263 3055 ,

343 3056 390 3124 Οὐ
403 3057 474 3169 χρη
498 3067 703 3168 πημαίνειν
700 3057 717 3126 6
736 3059 834 3148 τιμὴ
852 3067 1044 3169 ηιημαντέον
1064 3061 1115 3148 εἴη
1219 3069 1221 3075 ‘

339 3145 412 3214 oriri
410 3143 586 3256 {quibust
569 3175 585 3213 ο
605 3174 637 3214 το
660 3147 707 3237 μη
731 3149 866 3215 λώιον
848 3175 867 3238 η
891 3151 1028 3216 τελέσαι.

205 3234 419 3317 praetereo
399 3236 522 3325 ανιιγκη
545 3237 580 3303 in
602 3237 717 3306 finev.
745 3239 820 3305 195.

338 3323 466 3402 εὔδοξος
489 3325 712 3426 κακόδοξον,’
695 3331 770 3394 επεὶ
793 3327 935 3425 κρατερή
957 3353 1015 3410 μιν
1040 3324 1162 3414 ἀνάγκη

341 3414 459 3480 ἔντυέι.

204 3501 244 3569 oi.
269 3521 302 3568 v.
327 3502 404 3567 387:

338 3588 577 3675 βλάπτουσιν
600 3591 762 3695 στήθεσσι
780 3600 898 3692 φρένας
921 3598 1077 3680 κρατερῆς
1101 3589 1160 3658 ὑπ’
1180 3589 1333 3680 ἀνάγκης·

204 3699 234 3743 v.
257 3681 335 3745 419;

249 3785 251 3792 ’
324 3759 452 3872 Πολλοί
474 3792 516 3852 με
540 3771 601 3858 καὶ
616 3777 768 3872 σονιιιντα
787 3777 1000 3890 ιταρέρχεται
1024 3765 1135 3834 oilit't
1117 3755 1177 3836 orr'
1194 3767 1333 3858 ἀνάγκης

337 3853 438 3938 σιγῶ.
487 3875 488 3879 ’
662 3867 687 3888 ¹'

294 3945 390 4027 Apud
408 3943 627 4012 Homerum'
606 3945 730 4034 ονοὶγκη
749 3959 874 4029 semper
891 3946 961 4013 iero
978 3948 1083 4013 looum
1102 3965 1194 4015 suum
1212 3951 1333 4016 habere

204 4032 239 4096 iu
261 4032 334 4098 fine
348 4034 530 4100 hexametri
552 4037 647 4101 dooet
668 4035 808 4115 Renum,
832 4055 860 4101 o.
881 4036 901 4102 ι.
924 4055 977 4118 pg.
1002 4037 1054 4100 68.
1104 4075 1105 4080 ι
1219 4068 1220 4072 =

294 4120 385 4205 Quae
403 4121 518 4188 deinde
538 4130 714 4204 sequuntur
733 4124 877 4190 earmina
895 4141 997 4204 usque
1015 4125 1057 4190 ad
1073 4144 1104 4192 v.
1119 4126 1214 4207 1252,
1234 4147 1331 4210 argu-
