3114 4658
704 343 926 406 ..38-

253 522 310 588 sed
338 522 379 586 ab
407 539 472 586 uno
495 525 592 601 poeta
615 520 794 586 confectam
823 539 902 586 esse.
927 517 965 585 cf.
986 519 1111 599 Hiller,
1135 521 1200 584 91,
1224 539 1277 602 pg.
1301 519 1382 585 470.

254 611 336 677 Nam
356 629 427 676 cum
445 628 549 688 neque
564 608 718 675 sermonis
733 628 836 688 neque
850 627 1002 675 versuum
1020 626 1123 688 neque
1142 607 1383 674 sententiarum

253 699 390 778 ratione,
410 697 578 778 quominus
596 699 657 764 hoo
675 697 879 779 9991919999,
898 697 1132 778 prohibeamur,
1157 716 1227 762 cum
1247 696 1381 761 191991-

253 787 298 854 119
327 786 514 869 9999911919
543 786 737 853 carminibus
762 805 875 854 991999
903 787 1067 867 legantur,
1101 785 1216 866 quibus
1243 785 1278 850 19
1306 804 1382 850 999·

254 875 368 943 dendis
396 876 539 957 exemplo
572 874 695 942 1991191
726 876 839 957 919991
871 875 966 940 dubio
994 893 1110 941 991999
1142 874 1272 954 quidam
1303 873 1383 938 libri

256 963 537 1047 Theognidcarum
564 964 786 1045 reliquiarum,
815 969 849 1028 91
876 963 991 1043 quibus
1019 963 1164 1028 omnibus
1192 962 1383 1028 constitutis

255 1053 371 1119 deinde
394 1052 472 1118 addi
494 1052 598 1135 possit
621 1053 779 1119 maximus
802 1053 944 1118 locorum
962 1051 1114 1117 similium
1132 1069 1284 1117 numerus
1302 1050 1383 1116 libri

253 1142 341 1208 illius
364 1141 492 1224 prioris,
516 1141 570 1223 qui
594 1143 636 1207 ad
659 1142 765 1207 omnia
788 1141 856 1206 1919
879 1139 1067 1222 appendicis
1091 1139 1235 1206 carmina
1254 1139 1383 1221 possint

257 1230 407 1310 conferri,
431 1249 501 1296 oum
525 1231 675 1310 denique,
698 1229 732 1295 id
756 1231 840 1309 quod
862 1232 1002 1296 noudum
1026 1230 1132 1296 adhuc
1156 1247 1382 1294 commemora-

254 1319 367 1398 vimus
381 1324 501 1384 ‘certae
526 1319 682 1398 quaedam
706 1317 901 1398 9991991199,
925 1319 1194 1400 comparationes
1222 1316 1383 1382 formulae

255 1407 392 1487 dicendi,
410 1409 568 1476 vocabula
587 1407 671 1474 aliae
690 1427 743 1474 199
762 1408 953 1490 9999191199
972 1408 1007 1472 19
1025 1407 1213 1488 9999911919
1231 1405 1383 1473 uersibus

254 1497 472 1576 inveniantur,
495 1496 544 1562 ita
567 1501 605 1561 91
628 1496 830 1564 9199991999
853 1515 892 1562 99
910 1497 1140 1578 quodammodo
1159 1500 1287 1577 poetam
1307 1513 1382 1576 cog-

255 1590 409 1651 noscatur
431 1584 553 1667 (9199.
576 1586 671 1666 1244,
696 1585 791 1664 1261,
817 1584 917 1665 1302;
943 1584 1384 1664 1249-62911267-70;

258 1676 345 1739 1270
368 1679 402 1738 91
427 1674 527 1754 1340;
562 1675 648 1738 1279
676 1675 835 1754 911328,
870 1674 956 1738 1299
984 1672 1142 1754 911366;
1177 1673 1320 1751 1303,4
1349 1677 1385 1737 91

262 1763 411 1840 1331,2
392 1763 424 1823 2·
419 1762 546 1842 ,1264
575 1768 608 1826 91
637 1762 737 1842 1340;
771 1762 870 1842 1336,
901 1763 999 1841 1337,
1030 1761 1384 1841 1341,1369,1376;

262 1851 345 1914 1361
373 1850 532 1930 911379;
562 1849 848 1936 138491911387),
875 1850 945 1916 1911
969 1871 1032 1916 999
1055 1856 1179 1933 991991,
1207 1849 1285 1930 quin
1308 1868 1383 1915 con·

259 1937 613 2004 9199199919199199199
637 1939 693 2005 991
716 1940 841 2005 auctori
865 1945 966 2006 totam
975 1939 1198 2030 appendicem
1222 1957 1293 2004 9999
1311 1937 1383 2005 919-

259 2027 438 2093 dicandam.
484 2027 578 2093 Addo
603 2028 699 2094 etiam
723 2029 987 2111 appellatione
964 2056 988 2092 ω
1012 2040 1083 2112 παῖ,
1107 2049 1201 2108 quam
1224 2028 1258 2092 in
1282 2026 1383 2109 pluri·

258 2114 319 2182 mis
344 2115 531 2212 appendicis
555 2116 750 2184 carminibus
773 2118 918 2200 loginco,
943 2079 1178 2183 conclusionem
1201 2118 1284 2182 hanc
1309 2134 1383 2181 con-

258 2204 380 2270 firmari
402 2209 504 2286 posse.
550 2206 728 2272 Praeterea
751 2227 828 2272 9919
852 2206 1014 2273 aliudt
964 2213 1014 2271 991
1038 2205 1273 2307 gravissimum,
1298 2204 1384 2284 quod

260 2294 315 2373 919,
339 2313 420 2375 quae
444 2296 536 2360 modo
561 2293 671 2377 disput
672 2294 806 2375 9911999,
830 2295 978 2362 91191911.
1015 2296 1154 2360 Namt
1121 2293 1248 2359 etiamsi
1272 2299 1383 2359 99919·

259 2401 325 2448 rem
360 2381 447 2447 illum
482 2384 669 2465 appendicis
703 2384 879 2450 carminum
911 2403 962 2463 ea,
995 2383 1137 2464 quaein
1165 2401 1255 2448 usum
1290 2401 1383 2447 99919

258 2471 434 2547 convertit,
457 2471 642 2554 fragmenta
664 2472 740 2537 libri
763 2473 881 2555 prioris
904 2473 1034 2539 9991999
1057 2475 1305 2537 cousentaneum
1329 2470 1383 2549 sit,

259 2565 367 2623 191999
392 2576 431 2622 99
454 2577 494 2622 ex
517 2579 562 2637 19,
585 2563 669 2640 quod
692 2562 840 2627 versibus
864 2563 1001 2626 omnium
1024 2561 1112 2626 illius
1139 2560 1214 2625 libri
1242 2559 1384 2641 partium

260 2665 337 2712 usus
361 2651 412 2710 991
436 2645 561 2730 (911199
585 2648 669 2712 enim
691 2667 806 2715 991999
829 2655 905 2714 9991
928 2649 973 2714 hi:
999 2650 1050 2728 26,
1070 2650 1121 2728 31,
1142 2651 1193 2727 36,
1215 2649 1287 2726 101,
1309 2649 1384 2727 124,

264 2736 340 2813 191,
365 2733 444 2815 209,
469 2736 546 2815 210,
572 2737 715 2815 213-8,
741 2738 818 2816 263,
843 2738 920 2816 296,
945 2740 1019 2817 301,
1044 2738 1184 2815 326-7,
1209 2738 1283 2816 337,
1308 2737 1384 2817 343,

261 2823 336 2902 467,
359 2824 434 2902 466,
458 2824 532 2904 604,
556 2825 630 2905 608,
655 2825 729 2905 626,
754 2826 828 2905 646,
842 2827 927 2906 697,
951 2828 1025 2905 699,
1049 2828 1123 2905 600,
1144 2826 1285 2906 766-8,
1309 2827 1385 2904 864,

263 2913 431 2991 949-60,
464 2913 541 2993 968,
574 2916 654 2996 961,
688 2916 855 2995 1023-4,
890 2917 988 2996 1063,
1023 2917 1189 2994 1071-4,
1221 2916 1348 2981 1096-
1354 2916 1385 2994 6,

264 2965 1386 3089 1099,1101-2,1107-8,1117,1161-2,1167-60)191911991

263 3096 371 3190 991991
403 3095 505 3156 totam
539 3093 758 3159 collectionem
792 3057 1034 3178 Tireognideam
1070 3093 1100 3158 ei
1130 3092 1232 3158 191999
1264 3096 1386 3168 notam,

262 3177 357 3242 immo
381 3197 450 3242 eam
474 3179 505 3244 ei
527 3187 603 3246 9919
627 3183 735 3247 999199
757 3182 859 3248 191999
877 3182 1157 3248 verisimillimum
1178 3201 1258 3247 9999.
1305 3181 1384 3246 Cum

263 3284 341 3332 vero
370 3267 411 3331 ad
440 3267 500 3332 hoo
528 3270 676 3347 accedat,
649 3272 792 3349 tquod
821 3271 983 3350 appendix
1011 3271 1183 3352 subjuncta
1210 3270 1254 3335 sit
1281 3271 1385 3351 911911

264 3353 389 3420 collect
365 3355 454 3433 troni,
478 3358 613 3421 eundem
638 3376 720 3437 9999,
750 3358 804 3437 qui
832 3359 975 3424 carmina
998 3359 1184 3440 appendicis
1209 3359 1387 3425 9991999111

264 3449 298 3510 91
322 3442 376 3524 qui
399 3448 568 3523 utramque
592 3447 813 3512 collectionem
836 3449 1053 3532 conjunxerit,
1077 3466 1135 3530 pro
1159 3455 1247 3514 certo
1271 3448 1387 3513 haberi

263 3537 380 3614 potest.
435 3532 593 3599 Fortasse
625 3535 722 3601 etiam
755 3543 870 3602 999191
901 3536 956 3602 ille
988 3536 1175 3618 appendicis
1208 3536 1387 3602 carminum

265 3621 526 3702 collectionisque
540 3621 642 3704 ipsius
666 3624 947 3707 conglutinandae,
971 3625 1026 3705 qui
1048 3625 1118 3706 ipse
1141 3625 1387 3710 9991199991-

265 3711 334 3775 deis
358 3711 537 3793 subjunxit,
561 3712 781 3778 collectionem
805 3714 1045 3795 Theognideam
1069 3714 1103 3779 iu
1127 3734 1196 3779 eam
1220 3714 1288 3780 fere
1312 3732 1386 3779 con·

265 3798 422 3864 dicionem
436 3800 572 3882 redegit,
595 3800 630 3865 19
644 3820 707 3882 qua
729 3801 822 3867 nobis
845 3802 968 3867 tradita
992 3807 1051 3882 991,
1076 3803 1279 3868 conscribens
1304 3803 1386 3868 duas

264 3885 339 3952 illas
363 3906 445 3968 quae
468 3889 663 3955 statuendae
686 3896 770 3968 sunt,
795 3891 937 3973 syllogus
961 3891 1302 3974 Γ11199991199991999
1321 3891 1388 3957 alia

265 3975 400 4042 aliorum
418 3982 586 4059 poetarum
603 3977 790 4061 fragmenta
807 3980 938 4058 9111999,
962 3999 1055 4059 quam
1075 3980 1268 4045 sententiam
1287 3980 1387 4045 etiam

266 4065 372 4131 causis
395 4066 578 4133 confirmari
600 4085 695 4148 posse
717 4087 906 4152 persuasum
934 4069 1044 4133 habeo.
1092 4069 1155 4133 Sed
1183 4088 1253 4134 cum
1281 4070 1388 4134 minus

265 4154 430 4237 pertineat
456 4157 498 4221 ad
526 4177 595 4224 eam
628 4156 807 4236 materiem,
841 4175 935 4236 quam
967 4157 1045 4222 mihi
1077 4158 1281 4222 tractandam
1314 4177 1387 4239 pro·
