3114 4658
697 323 918 386 -14-

243 503 336 569 Hom.
361 507 390 566 Ω
409 499 487 566 568:
512 503 557 586 τῷ
576 523 636 564 νυν
654 496 702 586 μή
719 523 777 581 μοι
795 498 959 581 μᾶλλον’
942 523 985 566 εν
997 496 1107 579 ἄλγεσι
1121 495 1264 581 θυμὸν’
1248 503 1365 586 ορινης,

241 591 328 658 unde
350 591 525 655 Hermann
557 607 587 654 ι.
613 587 699 652 1295
723 606 849 668 quoque
871 585 920 676 μή
946 613 1004 670 μοι
1027 589 1154 670 μᾶλλον
1178 592 1239 653 eto.
1267 587 1366 653 scribi

241 677 354 747 voluit.
401 677 464 742 Sed
488 676 609 756 dubito,
632 695 707 741 num
730 678 791 742 hoo
814 680 904 742 reote
926 675 1049 742 fecerit
1027 675 1250 759 tQuamvis
1281 676 1365 741 enim

242 767 361 833 multas
383 765 517 831 Homeri
537 763 769 830 imitationes
756 784 825 848 Jam
853 769 905 830 att
874 764 1019 830 ttulerim
1048 769 1081 830 et
1108 765 1190 830 allat
1176 769 1269 830 turus
1297 764 1365 843 sim,
1388 783 1390 788 ·

241 861 351 922 tamen
370 859 533 921 auctorem
551 871 665 922 versus
684 873 750 919 ιοι
768 858 908 919 mutatos
927 853 1119 919 exHomoro
1140 853 1365 935 desumpsisse,

243 944 399 1027 exemplis
422 943 626 1026 comprobari
656 960 720 1008 ιοι
752 947 873 1024 potest,
906 943 963 1007 sed
994 941 1103 1024 potius
1135 960 1261 1024 semper
1292 943 1365 1024 plus

241 1033 389 1100 minusve
416 1031 564 1098 mutavit.
610 1032 725 1111 Itaque
752 1031 892 1096 fortasse
924 1031 984 1095 hoo
1016 1031 1085 1096 ιοοο
1118 1030 1237 1096 oodiois
1268 1030 1365 1096 lectio

242 1121 384 1206 genuina
416 1125 475 1186 est.
521 1121 561 1186 Ιι
588 1124 695 1185 mente
722 1139 800 1186 ιοιο
829 1118 907 1199 quin
933 1119 1033 1186 fuerit
1061 1119 1188 1185 auotori
1214 1138 1365 1186 versuum

245 1209 398 1276 1295-8
422 1210 512 1275 ιοοιε
530 1207 586 1274 ille
603 1207 725 1286 Iliadis,
749 1207 893 1273 dubitari
911 1226 975 1273 non
992 1213 1049 1290 pot
1050 1211 1108 1273 est
1086 1207 1250 1274 tAffero
1267 1212 1300 1273 et
1285 1208 1366 1273 tiam

243 1299 286 1365 ad
309 1300 411 1366 verba
433 1307 579 1363 κακοῖσιν
603 1295 638 1362 ἐν
662 1293 792 1378 ἄλγεσιν
814 1317 844 1364 ι
869 1296 934 1361 555
957 1295 1033 1361 libri
1054 1295 1208 1379 prioris:

378 1384 438 1473 χρὴ
457 1388 583 1468 τολμᾶν
605 1383 838 1465 χαλεποῖσιν
821 1409 857 1451 εν
880 1382 1010 1466 ἄλγεσιν
1032 1391 1185 1468 κείμενον
1209 1381 1320 1486 ἄνδρα.

333 1475 451 1542 Verbis
471 1473 609 1582 δηιμοια
632 1473 857 1580 Περσεφόνης
870 1473 968 1540 etiam
993 1493 1024 1542 ι
1054 1474 1121 1538 974
1149 1472 1364 1539 concluditur.

378 1563 425 1636 εἴς
448 1560 481 1628 ι’
501 1560 631 1648 Ἔρεβος
653 1569 788 1672 καταβῇ,
813 1560 946 1644 δώματα
970 1560 1187 1650 Περσεφόνης.

333 1651 411 1718 (lum
435 1652 544 1719 verbis
568 1655 657 1716 θεων
681 1647 713 1716 δ
738 1649 893 1725 ἐποπίζεο
921 1655 1021 1738 μῆνιν
1049 1669 1198 1733 comparo
1226 1669 1256 1718 ι.
1286 1651 1363 1715 734;

380 1738 543 1825 ἐργάζοιτο
566 1745 657 1804 θεῶν
679 1741 781 1826 μηδεν
805 1736 1004 1821 ὀπιζόμενος.

333 1811 397 1894 Sed
425 1828 615 1893 monendum
642 1828 743 1893 verba
776 1832 866 1893 θεῶν
889 1827 1044 1902 ἐποπίζεο
1072 1832 1174 1929 μῆνιν
1201 1845 1273 1892 esse
1300 1827 1364 1904 for·

242 1917 361 1984 mulam
381 1915 512 1999 epicam,
532 1935 613 1996 quae
631 1935 728 1998 saepe
746 1917 833 1998 apud
850 1917 1026 1982 Homerum
1044 1914 1174 1998 legitur,
1197 1915 1261 1981 nisi
1280 1914 1365 1995 quod

243 2026 301 2090 pro
334 2011 424 2071 θεῶν
465 2004 518 2070 dei
550 2004 729 2088 cujuspiam
766 2023 881 2070 nomen
913 2009 1031 2071 exstat.
1081 2004 1221 2070 Prorsus
1254 2003 1366 2069 eadem

244 2094 345 2164 verba
366 2093 608 2160 inveniuntur
599 2113 633 2159 ιι
656 2093 807 2175 Hymn.
797 2112 832 2158 m
854 2092 934 2158 Van.
958 2093 1015 2172 IV,
1039 2093 1116 2158 29οι

379 2182 467 2262 ἴσχεο
489 2179 570 2270 μηδ
594 2178 759 2264 ὀνόμαινε,
782 2179 928 2247 θεῶνδ
953 2143 1108 2255 επᾶπίζεο
1130 2187 1240 2269 μῆνιν.

245 2272 285 2338 οι
308 2272 457 2348 ιιοιιει,
481 2271 546 2335 al.
569 2290 622 2354 pg
647 2271 698 2335 33.
740 2269 895 2336 Formula
919 2269 1011 2352 epioa
1039 2270 1136 2335 etiam
1164 2275 1241 2335 sunt
1264 2270 1366 2336 verba

245 2361 375 2446 οἴχηται
388 2366 648 2469 προφέρουσαι
644 2359 684 2425 of.
708 2359 801 2424 Hom.
825 2368 854 2425 Ζ
874 2360 948 2439 345,
973 2361 1006 2424 6:

380 2443 467 2530 ὥςμ
473 2445 603 2532 ὄφελ’
628 2446 730 2536 ἤματι
753 2474 811 2534 την,
842 2443 897 2513 ἄιε
925 2471 968 2530 με
996 2453 1127 2552 πρῶτον
1151 2454 1223 2512 ιε’κε
1247 2444 1365 2534 μήτηρ,

380 2535 531 2615 οἴχεσθαι
554 2545 764 2622 προφέρουσα
787 2538 870 2623 κακὴ
894 2532 1027 2619 ἀνέμοιο
1051 2535 1255 2600 θύελλαιο
1203 2541 1263 2601 eto

244 2625 338 2690 Hom.
363 2649 382 2689 υ
407 2624 463 2687 64;

1151 2710 1277 2777 θύελλα
1333 2757 1338 2764 -

381 2800 502 2880 οἴχοιτο
526 2807 735 2885 προφέρουσα
759 2797 835 2864 κατ’
860 2797 1015 2886 ἠερόεντα
1039 2803 1192 2866 κέλευθα.

245 2889 286 2956 of.
308 2887 447 2968 Renum,
471 2907 496 2954 ο,
520 2889 540 2956 ι.
562 2908 616 2972 pg.
640 2889 691 2954 28.

335 2977 521 3058 Sequuntur
552 2976 616 3064 (vv.
655 2977 886 3063 1299-1310)
923 2978 984 3043 duo
1022 2977 1166 3044 earmina
1200 2982 1367 3043 ternorum

246 3066 470 3146 ιιιειιοιιοιιιι,
498 3067 616 3147 prioris
640 3071 863 3150 argumentum
888 3065 991 3131 simile
1019 3071 1070 3132 est
1097 3067 1178 3149 ejus,
1208 3066 1293 3146 quod
1316 3070 1367 3131 est

245 3155 280 3219 ιι
303 3173 355 3220 ιι.
381 3154 568 3233 1283-94,
598 3154 705 3235 aliquo
729 3156 821 3219 modo
846 3154 942 3220 etiam
966 3157 1048 3239 ejus
1078 3155 1162 3235 quod
1190 3153 1367 3234 antecedit3
1440 3219 1444 3224 ,
1552 3133 1553 3214 s

246 3242 382 3308 alterius
405 3248 514 3307 autem
536 3242 630 3307 ιιιιιο
654 3243 722 3308 fere
744 3243 829 3307 idem
853 3243 1056 3324 exprimitur,
1086 3245 1171 3323 quod
1193 3243 1256 3309 fine
1278 3241 1367 3308 illius

246 3330 431 3397 continetur
455 3330 506 3411 (of
531 3326 640 3396 ουκέιι
664 3329 762 3437 δηρὸν
777 3326 880 3406 Εξεις
902 3338 1128 3440 Κυπρογενοῦς
1146 3331 1282 3418 δῶρον’
1268 3351 1367 3397 ιοσιε-

247 3418 353 3504 φαίνου
373 3425 407 3484 et
425 3421 574 3492 παιδείας
592 3422 800 3508 πολυηραιον
819 3417 965 3492 ἄνθος
941 3419 1103 3507 ωκᾶτερον
1123 3423 1277 3503 σταδίου)
1315 3420 1367 3484 Ad

246 3509 347 3576 verba
369 3531 412 3618 με
436 3507 638 3593 προφεύξεαι
658 3510 698 3575 of.
720 3528 749 3576 v.
771 3509 868 3574 1098:

380 3621 415 3662 εκ
439 3599 553 3699 λίμνης
575 3597 716 3704 μεγάλης
734 3595 834 3684 ἄνδρα
858 3594 958 3662 κακὸν
980 3597 1166 3752 προφυγών.

336 3685 547 3767 Partioipium
562 3684 961 3752 διοικουιιιιιοιιοιιιιει
946 3685 1033 3752 triet
1034 3686 1096 3752 iam
1110 3685 1194 3770 legit
1194 3704 1277 3753 ιιι.
1289 3685 1367 3749 329:

380 3778 434 3838 καὶ
458 3770 575 3859 βραδυς
599 3772 752 3859 εὔβουλος
775 3765 863 3840 εἷλεν
886 3796 988 3854 ιαχυν
1012 3772 1113 3861 ἄνδρα
1137 3773 1268 3840 διώκων.

336 3862 389 3927 Ad
411 3862 597 3944 rhythmum
615 3858 831 3930 verborum“
807 3888 847 3936 ως
866 3883 901 3928 σε
921 3862 1043 3928 διώκων
1063 3860 1246 3950 δίζημιι
1191 3862 1254 3949 (ιι.
1272 3863 1368 3942 1299

247 3949 347 4035 1390)
372 3951 411 4016 of.
434 3970 485 4018 ιι.
510 3953 563 4030 89,
587 3953 642 4017 90:

376 4037 422 4104 H
442 4063 484 4122 με
509 4002 598 4125 φίλει
620 4037 770 4126 καθαρὸν
794 4045 934 4122 θέμενος
957 4038 1047 4118 νόον,
1077 4038 1097 4125 ἤ
1125 4065 1150 4121 μ
1194 4037 1367 4105 ἄποειπων

382 4126 515 4213 ἔχθαιρ
540 4153 560 4193 α
551 4126 709 4215 ’μφαδίην
731 4140 836 4200 νεῖκος
859 4125 1059 4214 ἄειρᾶμειος.
