3114 4658
670 287 892 350 ..12-

218 483 395 548 possumus.
450 463 666 546 Partieipium
698 462 871 549 προλιπών
904 464 1108 548 conjunctum
1142 483 1212 529 cum
1245 465 1344 531 verbo

93 589 96 594 ·
216 555 309 632 ἰέναι,
334 553 419 662 (ριοδ
441 552 579 634 legimus
597 572 649 620 vv.
670 553 797 632 tutta,
822 551 1001 620 invenimus
1026 552 1124 618 etiam
1143 571 1195 620 vv.
1215 551 1290 630 351,
1303 555 1344 619 ·2;

355 651 381 707 A
403 638 493 728 δειλὴ
517 648 624 728 πενίη,
649 648 683 706 αι’
703 652 827 723 μενεῖς·
846 643 1055 728 προλιποῦσα
1078 637 1161 727 παρ’
1186 639 1286 706 ἄλλον

350 726 441 817 ἄνδρ’
465 729 557 796 ἰέναι.

305 820 484 885 Praeterea
506 819 828 885 animadvertendum
852 824 903 884 est
926 818 1030 883 simile
1054 837 1133 896 esse,
1157 820 1242 899 quod
1264 819 1343 903 legi·

218 915 273 976 tur
294 907 329 974 in
353 907 501 988 disticho,
525 908 610 988 quod
633 907 792 988 sequitur:
817 907 968 987 οἴχεσθαι
991 904 1208 994 προλιπόνθ’.

307 995 474 1080 Adjeetivi
496 995 693 1083 περικαλλής
716 1014 811 1061 casus
835 994 983 1076 obliquus
1011 995 1141 1078 saepius
1168 997 1255 1078 apud
1277 997 1343 1062 Ηο-

217 1105 338 1153 merum
360 1086 396 1150 in
419 1086 530 1151 eadem
553 1103 668 1152 uersus
693 1085 770 1150 sede
794 1085 943 1164 occurrit,
968 1105 994 1149 e.
1018 1103 1044 1149 ο.
1070 1090 1099 1149 Γ
1120 1085 1197 1148 396:

351 1181 408 1239 καί
425 1171 456 1262 ρ’
481 1170 522 1246 ὡς
545 1163 604 1238 οὖν
628 1172 739 1260 ἐνόησε
764 1178 846 1246 θεᾶς
869 1175 1067 1259 περικαλλέα
1091 1172 1211 1260 δειρήν.

307 1265 396 1329 Idem
420 1263 588 1329 dicendum
616 1266 668 1327 est
695 1261 735 1327 de
763 1261 875 1327 formis
902 1261 995 1329 verbi
1023 1260 1250 1344 ἐπιτέλλομαι,
1280 1281 1343 1340 qua

218 1353 258 1418 de
281 1373 318 1418 re
341 1352 380 1418 ef.
404 1353 552 1430 Renner,
576 1370 603 1416 ο.
626 1351 647 1415 l.
669 1369 722 1433 pg.
747 1351 799 1416 62.

307 1441 387 1506 Inde
411 1461 431 1506 a
459 1459 489 1507 v.
515 1440 601 1504 1279
630 1442 809 1518 sequuntur
837 1439 940 1504 denuo
970 1439 1112 1505 earmina
1140 1440 1182 1504 ad
1209 1457 1341 1521 puerum

217 1535 359 1596 amatum
392 1529 531 1595 condita.
581 1529 690 1608 Atque
722 1546 772 1595 vv.
808 1528 983 1593 1279-82
1014 1533 1111 1610 poeta
1143 1547 1177 1593 se
1209 1547 1370 1610 puerum.

218 1620 302 1685 malo
326 1617 456 1684 afficere
473 1617 559 1683 nolle
582 1615 672 1681 dicit.
718 1616 826 1682 Alieno
851 1617 938 1682 loeas
961 1615 1082 1682 similes
1105 1618 1177 1682 hus:

218 1709 263 1772 ad
287 1709 388 1774 verba
411 1707 453 1792 (v.
480 1703 578 1789 1279)
603 1702 661 1769 οὐκ
685 1741 728 1751 —-
752 1701 826 1769 οὐδ’
850 1705 885 1770 εἴ
904 1730 963 1788 μοι
986 1710 1047 1771 ete.
1070 1725 1120 1773 vv.
1147 1705 1242 1784 1023,
1265 1706 1300 1770 4;

273 1859 275 1863 ,
358 1792 489 1860 Οὔποιε
513 1803 580 1865 τοῖς
603 1792 770 1880 ἐχθροῖσιν
793 1790 860 1858 ὑπὸ
885 1791 977 1875 ζυγὸν
1001 1791 1121 1874 αὐχένα
1145 1792 1238 1881 θήσω

353 1881 523 1966 δύσλοφον,
549 1878 624 1946 οὐδ’
649 1882 683 1947 εἴ
702 1907 760 1965 μοι
787 1884 922 1965 Τμῶλος
946 1883 1059 1948 ἔπεστι
1082 1881 1176 1970 κοίρῃ.

220 1973 263 2038 ad
281 1972 382 2038 verba
404 1977 508 2043 κακῶς
531 1969 639 2060 ἕρδειν
662 1991 691 2039 v.
716 1972 793 2036 368:

356 2057 432 2125 οὔτε
456 2056 516 2143 γὰρ
540 2061 577 2124 εδ
603 2059 704 2144 ἔρδων
728 2056 856 2124 ἁνδάνω
876 2057 952 2125 οὔτε
976 2066 1087 2132 κακῶς.

218 2151 319 2216 verba
333 2153 423 2213 θεῶν
433 2145 612 2213 ἀθανάτων
622 2148 731 2213 eedem
742 2147 939 2229 pentametri
952 2149 1021 2213 Ιοοο
1035 2149 1190 2230 leguntur
1199 2168 1228 2214 v.
1241 2148 1340 2213 1148:

353 2239 385 2302 οἳ
407 2243 497 2302 θεῶν
521 2233 699 2302 ἀθανάτων
723 2234 817 2303 οὐδὲν
840 2233 1038 2320 ὀπιζόμενοι.

218 2327 261 2392 ad
283 2347 313 2395 v.
339 2327 422 2392 1281
448 2346 499 2394 vv.
519 2325 664 2390 325-7:

352 2416 386 2480 εἴ
401 2439 449 2488 τις
473 2412 694 2500 ἁμαρτωλοῑσι
718 2417 821 2499 φίλων
845 2414 902 2480 ἐπὶ
925 2418 1026 2479 παντὶ
1049 2416 1180 2501 χολῷιο,

353 2501 392 2568 οὔ
415 2500 496 2568 ποτ’
520 2498 562 2568 ἂν
585 2501 735 2590 α’λλήλοις
759 2501 900 2589 ἄρθμιοι
923 2500 997 2567 οὐδὲ
1021 2504 1111 2586 φίλοι

352 2586 434 2657 εἶεν·
459 2588 649 2677 ἁμαρτωλαι
672 2614 732 2676 γαρ
757 2616 791 2656 ον
815 2590 1043 2676 ανθρώποισιν
1067 2590 1215 2656 ἕπονται.

221 2679 358 2760 denique
381 2681 423 2745 ad
445 2700 475 2747 v.
502 2680 588 2744 1282
612 2698 641 2746 v.
666 2680 743 2743 337:

352 2767 433 2841 Ζεύς
455 2793 514 2851 μοι
532 2774 597 2833 τῶν
616 2790 652 2832 σε
671 2769 774 2851 φίλων
794 2771 865 2854 δοίη
883 2774 976 2846 τίσιν,
1001 2769 1038 2833 οἵ
1050 2791 1092 2852 με
1114 2771 1265 2853 φιλοῦσιν
1279 2775 1339 2834 ete.

308 2858 458 2937 Carmen,
483 2857 567 2937 quod
590 2855 737 2936 sequitur
759 2876 812 2924 vu.
833 2856 1023 2936 1283-94,
1045 2858 1264 2941 longissimum
1290 2864 1341 2923 est

219 2946 417 3028 appendicis.
463 2946 603 3012 Videtur
621 2946 708 3011 haud
740 2944 810 3011 sine
839 2946 971 3012 consilio
1004 2945 1047 3026 ei,
1080 2946 1165 3027 quod
1195 2946 1341 3028 proxime

219 3035 396 3113 antecedit,
428 3035 573 3100 additum
602 3053 686 3115 esse,
719 3055 789 3100 eum
818 3034 902 3100 enim
930 3036 985 3100 illo
1012 3040 1108 3117 poeta
1141 3055 1175 3100 se
1207 3054 1341 3117 puerum

219 3123 303 3188 malu
327 3121 458 3188 afficere
480 3124 567 3189 nolle
589 3124 722 3200 dixerit,
751 3125 811 3189 hoe
834 3125 1032 3190 eontrarium
1054 3123 1124 3190 fere
1146 3123 1239 3204 dicit,
1268 3142 1339 3188 nam

218 3211 311 3293 petit,
334 3229 375 3276 ne
398 3230 478 3293 puer
501 3211 563 3276 sibi
585 3211 722 3292 injurias
739 3211 850 3278 faeiat.
891 3213 968 3278 Etsi
990 3232 1066 3280 vero
1090 3217 1194 3278 totum
1213 3230 1340 3277 carmen

219 3301 261 3365 ad
284 3319 419 3382 puerum
446 3304 499 3365 est
526 3299 703 3379 eonditum,
735 3305 844 3366 tamen
871 3300 1010 3380 quinque
1038 3305 1165 3366 tantum
1193 3300 1341 3369 versibus

219 3395 316 3471 poeta
339 3407 412 3454 eum
434 3387 624 3468 alloquitur,
652 3389 767 3456 deinde
789 3388 899 3456 verbis
923 3384 964 3462 ὥς
986 3398 1070 3455 ποτέ
1096 3409 1195 3473 φασιν
1221 3389 1342 3455 transit

220 3478 263 3543 ad
286 3478 464 3559 exemplum
488 3478 528 3542 de
556 3477 675 3544 fabulis
703 3477 847 3559 antiquis
874 3477 1060 3560 repetitum,
1094 3497 1155 3558 que
1179 3497 1226 3558 ea,
1260 3496 1341 3559 quae

221 3572 318 3632 antee
344 3568 387 3632 ad
414 3585 547 3649 puerum
575 3565 709 3646 dixerit,
736 3586 838 3648 usque
866 3567 909 3632 ad
937 3567 1088 3633 carminis
1114 3567 1210 3632 finem
1236 3567 1341 3649 magis

220 3655 372 3721 illustret.
418 3656 517 3739 Cujus
544 3653 682 3721 rationis
711 3655 881 3721 admodum
908 3656 1011 3722 simile
1039 3661 1090 3722 est
1115 3656 1340 3738 fragmentum,

221 3744 307 3824 quod
329 3745 416 3810 inter
439 3743 650 3826 Theognidea
672 3743 795 3827 legitur
816 3764 868 3810 vv.
894 3747 1077 3824 lira-8²¹2
1105 3745 1138 3810 in
1160 3764 1221 3825 quo
1244 3749 1342 3826 poeta

220 3834 319 3898 verbo
352 3830 440 3898 οἴομ’
468 3834 511 3899 ad
543 3833 721 3914 exemplum
754 3833 889 3912 transit,
923 3834 1006 3913 quod
1039 3852 1140 3913 usque
1173 3833 1214 3899 ad
1246 3833 1341 3897 finem

310 4026 325 4058 *
345 4023 395 4096 Μή
413 4046 449 4098 με
467 4029 724 4099 κακιόνμίμνησκε·
745 4023 873 4080 πέπονθά
892 4045 930 4080 τοι
950 4021 1019 4079 οἴοιτ’
1039 4021 1180 4092 Ὀδυσσεύς,

383 4111 438 4168 ἴστ’
457 4111 547 4170 'Alidem
565 4117 638 4188 μέγα
658 4111 727 4187 δῶμ’
751 4111 850 4170 itata
870 4111 1005 4179 ἐξαναδύς,
