3114 4658
709 299 931 364 „30-

259 497 330 548 esse
353 478 500 562 conjecit,
522 476 715 559 praesertim
739 495 809 542 eum
834 495 874 542 ex
891 474 1087 542 testimoniis
1109 479 1256 542 veterum
1279 474 1382 557 scrip·

258 575 367 636 torum
382 565 601 650 Theognidem
624 585 663 631 ea
687 583 751 630 non
764 564 947 632 condidisse
960 565 1215 647 intellegeretur,
1235 563 1384 632 Euenum

258 675 336 725 vero
368 655 514 722 carmina
546 653 690 736 elegiaca
722 653 881 722 amatoria
912 652 1029 719 fecisse
1061 653 1171 732 eisque
1202 653 1383 722 Eunomum

260 746 420 826 quendam
444 742 660 810 celebravisse
683 748 797 824 aperte
814 741 971 810 traditum
995 747 1089 808 esset.
1131 740 1289 808 Similiter
1307 760 1384 820 quo-

259 851 322 914 que
353 834 446 898 homo
484 829 620 898 doctus*
649 831 712 898 alio
739 832 809 896 loeo
837 830 922 897 dixit
949 829 1156 912 appendicem
1184 828 1253 895 fere
1280 835 1385 896 totam

259 925 410 988 constare
433 940 474 988 ex
497 919 690 986 carminibus
713 919 881 986 amatoriis
903 918 999 984 unius
1022 924 1137 1000 poetae
1160 918 1305 1002 ejusque,
1329 918 1385 998 qui

259 1031 312 1079 vv.
336 1010 489 1076 667-82
514 1015 547 1075 et
570 1010 725 1074 466-74
749 1007 949 1074 confecisset.
982 1009 1042 1073 Sed
1066 1008 1197 1074 eaedem
1213 1006 1291 1072 illae
1310 1025 1384 1073 eau-

259 1118 327 1178 sae,
352 1098 466 1179 quibus
489 1096 657 1181 Hartungi
680 1098 720 1163 de
746 1117 798 1165 vu.
825 1094 977 1162 reae-6
1005 1095 1200 1162 sententiam
1227 1095 1384 1163 refutavi-

259 1206 343 1266 mus,
371 1186 539 1254 valentin
562 1206 613 1255 vv.
640 1185 824 1252 1341--5o
869 1186 1018 1267 Apparet
1041 1184 1125 1252 enim
1148 1185 1286 1253 v.1349
1310 1204 1385 1251 con-

259 1277 381 1343 fectum
400 1294 554 1342 essenon
572 1293 667 1356 posse
686 1275 756 1340 sine
774 1293 926 1342 versuum
946 1275 988 1340 25
1007 1279 1042 1340 et
1062 1275 1123 1340 191
1144 1273 1386 1353 recordatione;

260 1385 324 1446 qua
344 1365 384 1432 de
406 1385 443 1430 re
470 1368 623 1430 accurate
640 1363 728 1430 infra
746 1362 810 1428 erit
823 1362 915 1430 nobis
933 1363 1120 1443 videndum3
1142 1363 1254 1443 itaque
1272 1364 1384 1430 eodem

259 1455 353 1520 modo
377 1453 417 1520 de
439 1473 491 1520 vv.
517 1452 694 1518 1341-50
717 1472 788 1518 esse
812 1452 1034 1536 judicandum,
1064 1471 1125 1533 quo
1154 1453 1194 1518 de
1222 1456 1294 1518 tota
1321 1453 1386 1518 col·

259 1541 406 1621 lectione,
430 1541 527 1608 facile
550 1541 761 1625 intellegitur.
794 1542 844 1608 De
863 1543 924 1608 hac
942 1559 979 1608 re
997 1541 1111 1606 Hiller.
1132 1540 1170 1626 (e.
1190 1539 1224 1625 l.)
1247 1559 1386 1621 eumque

261 1637 393 1698 secutus
416 1631 545 1697 Olemm.
570 1633 607 1712 (c.
631 1629 664 1716 l.)
687 1631 772 1698 idern
790 1629 1029 1712 judicaverunt.
1077 1629 1283 1696 Nietzsehius
1305 1649 1384 1698 vero

259 1721 294 1785 in
318 1720 587 1784 commentatione
615 1737 675 1783 sua
703 1718 800 1784 aliam
829 1717 1023 1784 sententiam
1050 1717 1196 1799 protulit.
1242 1719 1276 1785 Is
1300 1719 1386 1784 enim

259 1809 294 1873 in
318 1806 506 1872 collectione
526 1805 736 1887 Theognidea
753 1804 917 1872 invenisse
940 1805 1003 1872 sibi
1020 1806 1110 1874 visus
1134 1811 1185 1874 est
1203 1807 1386 1874 adversarii

261 1895 427 1980 cujusdam
455 1893 622 1960 eonsilium
649 1892 815 1973 infestum,
847 1894 903 1975 qui
935 1914 1006 1961 oum
1038 1901 1153 1977 poetae
1181 1896 1386 1979 Megarensis

157 2035 160 2042 .
260 1983 351 2050 laudi
374 1989 472 2062 atque
496 1982 620 2066 gloriae
648 1982 833 2050 obtrectare
860 1983 895 2048 in
927 1983 1032 2050 animo
1064 1985 1213 2064 haberet,
1246 1985 1281 2051 in
1313 2005 1385 2051 eum

262 2073 358 2138 finem
380 2072 532 2153 parodias
555 2072 754 2155 Theognidis
778 2071 1003 2154 congessisset,
1027 2092 1107 2152 quas
1130 2091 1195 2140 una
1219 2093 1290 2140 eum
1312 2093 1393 2141 ver--v

261 2158 350 2226 sibus
368 2159 552 2226 Mimnermi
575 2160 724 2243 genuinis
744 2159 961 2243 Theognideis
984 2161 1184 2230 inseruisset.
1222 2162 1301 2228 Onrn
1323 2163 1384 2246 igi·

261 2253 316 2314 tur
334 2267 447 2316 versus
467 2248 601 2329 Solonis,
626 2249 773 2337 Tyrtaei,
795 2249 982 2332 Phooylidis
1005 2250 1169 2318 erroribus
1193 2251 1383 2331 quibusdam

260 2338 295 2404 in
318 2338 559 2421 Theognideam
584 2339 805 2406 collectionem
827 2338 1049 2420 irrepsissent,
1073 2340 1254 2420 quicunque
1280 2340 1384 2408 vitam

256 2426 430 2511 jucundam
453 2447 655 2509 amoremque
678 2429 894 2508 celebrarent,
917 2447 972 2494 eos
996 2428 1177 2495 aduersarii
1200 2428 1287 2494 illius
1312 2447 1384 2494 con-

261 2514 333 2582 silio
356 2515 475 2580 infesto
499 2517 644 2584 inillam
668 2518 846 2582 translatos
870 2535 949 2584 esse.
996 2517 1067 2600 Qua
1086 2519 1126 2582 de
1154 2536 1252 2584 causa
1275 2518 1385 2584 Nietz-

261 2603 370 2670 schius
393 2603 571 2685 Bergkium
599 2611 729 2671 secutus
758 2623 908 2685 magnum
935 2623 1101 2670 numerum
1129 2605 1385 2688 fragmentorum

260 2692 336 2758 libri
354 2691 473 2773 prioris
491 2691 680 2758 Mimnermo
699 2691 823 2771 tribuit,
843 2692 959 2759 deinde
977 2712 1055 2760 vero
1075 2693 1178 2762 eidem
1192 2695 1383 2762 Mimnermo

260 2786 364 2848 totam
386 2799 510 2846 musam
532 2779 697 2862 puerilem,
722 2781 799 2846 solis
817 2780 946 2861 ereptis
964 2801 1015 2848 vv.
1037 2783 1131 2862 1253,
1155 2785 1184 2862 4,
1208 2803 1287 2865 quos
1307 2803 1385 2850 sane

261 2868 371 2936 Soloni
403 2869 592 2952 abJudicare
625 2869 704 2934 non'
720 2873 859 2950 poterat.
912 2869 1042 2938 Invidia
1079 2871 1166 2938 illius
1203 2873 1385 2940 adversarii

261 2958 496 3041 appellationes
533 2976 658 3038 quoque
690 2957 790 3039 Cyrni
821 2957 1055 3041 Simonidisque
1082 2981 1141 3042 pro
1169 2961 1256 3028 veris
1285 2962 1384 3028 nomi·

261 3047 356 3113 nibus
379 3047 593 3130 interpolatas
623 3065 694 3112 esse
716 3047 921 3114 Nietzschius
941 3049 1109 3130 judicavit.
1156 3049 1220 3115 Sed
1246 3059 1385 3132 apparet

261 3154 330 3202 eum
364 3135 577 3202 audacissime
613 3135 648 3201 in
681 3137 936 3220 conjecturarum
967 3138 1084 3206 finibus
1117 3157 1187 3204 esse
1220 3145 1384 3206 versatum

262 3228 361 3305 atque
388 3224 445 3290 vix
473 3223 604 3291 ridetur
627 3225 844 3292 necessarium
873 3245 956 3304 esse,
990 3232 1026 3292 ut
1053 3245 1162 3292 omnes
1191 3228 1383 3295 refutentur.

262 3312 296 3378 Si
312 3318 476 3378 auctorem
490 3312 667 3379 carminum
682 3313 869 3395 appendicis
888 3313 1005 3380 librum
1019 3314 1160 3395 priorem
1179 3323 1255 3382 ante
1274 3320 1384 3384 oculos

261 3400 413 3468 habuisse
436 3402 652 3469 demonstrari
674 3406 796 3482 potest,
824 3401 922 3468 etiam
946 3403 1029 3468 hanc
1053 3403 1231 3470 Nietzschii
1255 3412 1383 3473 senten·

261 3489 356 3570 tiam,
383 3495 420 3557 ut
447 3489 536 3556 illam
560 3491 600 3558 de
622 3493 793 3558 verborum
817 3490 1052 3558 conectentium
1079 3491 1145 3572 filo,
1173 3494 1383 3562 vanissimum

262 3583 472 3646 commentum
496 3599 566 3646 esse
588 3585 734 3660 apparet.

352 3668 546 3752 Hertzberg.
571 3667 609 3753 (o.
638 3669 657 3733 1.
682 3687 733 3750 pg.
754 3668 833 3753 361)
858 3667 1045 3750 appendicis
1066 3671 1243 3752 poematia,
1266 3673 1383 3752 quibus

262 3756 344 3821 nihil
372 3776 443 3823 esse
471 3776 635 3824 commune
662 3776 732 3822 eum
757 3757 958 3840 Theognide,
982 3758 1276 3827 Alexandrinorum
1304 3767 1382 3827 tem·

262 3844 394 3926 poribus
418 3846 553 3914 lascivia
575 3845 756 3929 insignibus
781 3845 911 3910 condita
935 3863 1005 3910 esse
1025 3846 1193 3930 judicavit.
1231 3849 1295 3915 Sed
1314 3852 1382 3916 ani-

354 4128 408 4180 *c.
429 4130 445 4182 1Ι
466 4146 510 4197 pg.
531 4131 573 4182 24.
