3114 4658
626 311 848 376 -29-

175 494 209 559 in
232 490 418 560 universum
446 509 504 571 pro
533 493 622 554 certo
646 487 875 571 Theognideae
903 486 1040 570 originis
1068 487 1161 571 signo
1189 492 1300 570 potest

175 581 302 660 haberi,
330 578 433 662 primo
458 581 574 644 obtutu
593 577 690 644 etiam
713 596 765 645 vv.
790 577 944 642 iate-6
968 597 988 642 a
1012 576 1201 659 Theognide
1227 595 1299 643 esse

176 669 339 754 profectos
362 666 478 750 conjici
500 671 618 748 potest.
659 666 749 731 Dicit
772 666 869 732 etiam
892 667 984 730 homo
1009 666 1124 731 doctus
1139 665 1298 748 Theogni-

177 762 248 828 dem
272 763 349 840 apte
379 756 415 822 in
445 773 560 837 poema
592 774 682 821 suum
716 754 945 820 didascalicum
977 753 1123 835 recipere
1153 753 1299 835 potuisse

175 847 347 914 nonnullas
379 846 420 911 de
451 861 622 926 puerorum
655 863 764 910 amore
795 843 985 909 sententias.
1040 839 1132 922 „Bon
1165 843 1217 908 ber
1240 841 1300 912 art

176 932 342 1020 liothida
370 933 545 1012 indumen,
574 931 638 1018 tier
666 944 727 999 oon
755 931 796 1000 B.
826 931 1015 1010 1355-63,
1044 928 1144 1012 letter
1172 943 1234 998 too
1256 928 1296 999 B.

178 1024 368 1115 naus-74,
397 1021 457 1090 nub
481 1019 545 1099 lint
570 1019 730 1106 molestiis)
755 1017 933 1106 servantes
961 1034 1022 1087 oon
1050 1019 1107 1087 neo
1136 1017 1299 1087 oeritebten

177 1111 384 1197 diademaque
408 1109 462 1178 nes
487 1110 602 1178 notent
625 1108 777 1194 illicitas,
803 1109 868 1177 tem
891 1109 949 1177 mir
971 1109 1027 1176 mit
1050 1108 1193 1193 peringen
1217 1107 1299 1176 aas

176 1201 305 1286 cutmen
328 1197 424 1282 nieles
448 1218 562 1285 gangen
586 1206 645 1266 ons
669 1197 734 1265 tem
757 1200 858 1264 codex
880 1197 1075 1264 Mutinensis
1102 1193 1300 1281 nocttrtgild)

177 1287 458 1376 deronsgegebeneo
473 1287 604 1373 duneng
625 1286 759 1372 heilegon
778 1284 919 1354 lienem*
951 1285 1015 1352 Sed
1039 1285 1183 1351 omnibns
1201 1286 1300 1351 rebus

176 1383 330 1446 accurate
351 1377 527 1460 perpensis,
551 1377 718 1459 quominus
742 1377 914 1458 Hartungo
939 1374 1159 1441 adsentiamur
1181 1393 1300 1440 causae

177 1471 309 1534 obstare
335 1466 489 1533 videntur
516 1471 584 1531 tam
612 1484 745 1548 graves
773 1471 811 1530 nt
839 1464 970 1530 dubium
999 1481 1161 1529 essenon
1188 1463 1301 1544 possit,

178 1557 255 1638 quin
278 1555 450 1622 falsissime
468 1555 654 1638 conjecerit.
691 1553 831 1632 Etenim,
854 1558 891 1619 ut
909 1555 976 1636 jam
996 1570 1095 1634 supra
1114 1552 1192 1630 dixi,
1210 1551 1301 1618 nulla

177 1651 323 1713 veterum
347 1645 540 1726 scriptorum
563 1641 750 1709 testimonia
773 1647 918 1721 exstant,
941 1641 1056 1723 quibus
1080 1641 1298 1722 Theognidem

178 1734 276 1800 etiam
309 1752 422 1802 versus
455 1731 630 1799 amatorios
667 1731 850 1797 condidisse
886 1731 1123 1812 comprobetur,
1160 1728 1301 1794 efficitur

177 1823 285 1906 potius
318 1822 365 1889 eis
396 1821 487 1886 illum
518 1821 554 1886 id
589 1839 654 1886 uon
691 1819 820 1899 fecisse,
858 1818 973 1885 deinde
1004 1838 1056 1886 vv.
1093 1818 1246 1884 iaia—6
1279 1837 1301 1882 a

178 1910 369 1994 Theognide
387 1908 549 1975 confectos
569 1928 640 1975 esse
658 1927 722 1976 nou
740 1926 835 1990 posse
853 1907 950 1974 facile
968 1927 1009 1973 ex
1022 1908 1084 1972 hac
1097 1926 1134 1972 re
1148 1911 1298 1988 apparet:

179 1998 263 2083 Quia
281 1997 497 2066 demonstrari
513 2003 623 2081 potest
639 1997 787 2080 plurimis
805 1995 994 2082 appendicis
1013 1995 1209 2061 carminibus
1228 2012 1301 2060 cou-

179 2087 280 2155 tineri
300 2088 388 2153 iocos
411 2086 588 2153 simillimos
610 2106 762 2154 versuum
784 2087 837 2154 vel
859 2085 1126 2168 fragmentorum,
1155 2102 1239 2164 quae
1266 2083 1301 2149 in

178 2177 287 2259 priore
310 2174 591 2259 Theognidearum
613 2175 823 2257 reliquiarum
846 2173 929 2240 libro
952 2175 1119 2256 leguntur,
1142 2191 1222 2250 enm,
1246 2171 1301 2253 qui

178 2269 263 2332 hano
290 2263 510 2331 collectionem
538 2263 796 2344 concinnaverit,
826 2264 942 2329 librum
970 2262 1060 2328 illum
1087 2268 1165 2327 ante
1192 2262 1301 2326 oculos

178 2354 330 2421 habuisse
353 2352 536 2420 necessario
560 2353 715 2434 sequitur.
748 2353 811 2436 Qui
833 2353 897 2417 loci
919 2350 1039 2417 similes
1063 2369 1134 2416 cnm
1152 2369 1204 2417 vv.
1224 2369 1299 2429 quo-

178 2463 240 2526 que
265 2442 418 2508 1353-(3
441 2442 681 2521 contineantur,
704 2440 868 2524 Theognis
888 2459 996 2508 eorum
1015 2443 1129 2505 auctor
1148 2457 1301 2504 essenon

178 2537 288 2614 potest
318 2529 483 2612 Oyruique
515 2530 691 2613 appellatio
723 2529 822 2596 aliter
855 2527 1049 2611 explicanda
1081 2532 1140 2595 est.
1185 2527 1302 2607 Itaque

177 2621 249 2686 fieri
280 2637 345 2686 non
376 2625 498 2701 potest,
532 2619 609 2700 quin
641 2618 739 2685 etiam
772 2639 824 2687 vv.
850 2618 1026 2684 1357-60
1059 2620 1092 2682 et
1125 2615 1301 2682 1367-72

179 2708 362 2794 Theognidi
380 2707 614 2792 abjudicantur.
639 2747 682 2755 -
706 2707 827 2774 Similis
846 2715 898 2772 est
914 2725 968 2772 res
991 2706 1026 2771 in
1044 2725 1096 2773 vv.
1117 2703 1302 2784 1345—50,

179 2817 258 2878 qnos
281 2797 401 2880 Bergk.
426 2798 538 2863 liueno
562 2797 659 2863 Pario
688 2796 802 2881 majori
826 2795 1013 2863 vindicavit.
1059 2794 1141 2859 Nam
1169 2812 1240 2858 cum
1267 2793 1303 2858 in

179 2887 263 2951 libro
291 2885 398 2967 priore
426 2887 489 2952 duo
523 2891 653 2952 exstent
684 2885 882 2969 fragmenta,
914 2884 950 2949 iu
982 2882 1098 2963 quibus
1121 2881 1301 2949 Simonides

180 2974 309 3055 quidam
339 2975 523 3056 appellatur
550 2981 583 3041 et
611 2993 693 3054 quae
716 2975 837 3056 Bergk.
865 2973 906 3058 ab
930 2973 1043 3036 Eueno
1071 2970 1126 3035 illo
1155 2969 1303 3051 proiecta

181 3082 253 3129 esse
277 3063 548 3132 demonstravisse
580 3063 643 3129 sibi
674 3063 764 3130 visus
797 3066 861 3140 est,
894 3060 992 3126 etiam
1023 3060 1082 3124 hos
1114 3057 1302 3140 appendicis

179 3171 293 3220 versus
316 3158 449 3234 propter
476 3152 565 3217 illam
592 3152 697 3234 ipsam
720 3149 893 3216 Simonidis
921 3147 1169 3231 appellationem
1198 3146 1301 3213 eidem

179 3246 296 3322 poetae
324 3259 395 3306 esse
422 3241 612 3306 tribuendos
640 3240 824 3322 suspicatus
852 3242 911 3305 est.
957 3237 1048 3321 Quae
1075 3236 1161 3302 ratio
1194 3256 1301 3318 qnam-

180 3349 277 3409 quem
296 3348 356 3411 per
378 3348 413 3395 se
435 3330 603 3396 admodum
628 3334 679 3395 est
705 3329 845 3406 incerta,
873 3332 1046 3410 propterea
1073 3325 1158 3407 quod
1180 3327 1301 3408 Bergk.

181 3437 264 3498 quae
286 3418 369 3483 libro
392 3417 496 3499 priori
518 3438 589 3484 oum
612 3418 718 3484 altera
745 3416 934 3482 collectione
961 3415 1047 3482 ratio
1074 3415 1301 3493 intercederet,

179 3507 320 3572 nondum
344 3508 501 3587 ostendit,
524 3513 634 3573 tamen
657 3505 874 3588 complu1ibus
897 3504 1078 3570 hominibus
1102 3503 1206 3568 doctis
1229 3522 1301 3585 pro·

179 3598 258 3662 bata
281 3599 339 3662 est.
390 3595 499 3677 Atque
522 3595 660 3662 maxime
683 3595 811 3676 quidem
834 3594 1034 3677 Hartung.**
1061 3591 1149 3693 illam
1178 3590 1302 3674 Bergki

178 3688 1054 3856 {intitulatffitnttlt“tintinnis
1073 3698 1173 3834 lit.
1196 3697 1302 3834 itit

251 4039 258 4049 ⁸
289 4056 303 4087 *
323 4072 344 4110 c.
364 4057 381 4112 l.
401 4073 446 4124 pg.
467 4056 527 4110 286.

271 4143 303 4178 **
321 4161 343 4199 c.
363 4145 382 4201 l.
401 4161 446 4214 pg.
467 4145 527 4198 133.
