3114 4658
710 309 931 374 .-32-

259 505 365 552 rerum
389 505 475 567 pars,
499 484 576 566 quin
599 486 753 565 librariis,
776 504 840 551 non
864 485 1039 551 carminum
1063 486 1190 552 auctori
1208 487 1384 556 tribuenda

260 575 313 656 sit,
336 574 481 640 dubitari
502 593 566 639 non
589 579 711 656 potest3
740 575 854 640 deinde
877 574 911 640 in
934 574 1097 640 nonnullis
1120 594 1196 641 num
1219 576 1263 642 sit
1285 576 1383 643 offen·

259 665 410 742 dendum,
438 662 580 745 ambigo,
607 665 648 729 de
675 665 793 729 ceteris
815 682 893 730 vero
912 663 1123 730 Hervverden.
1152 683 1191 730 ea
1218 666 1260 730 de
1283 684 1384 732 causa

258 771 323 819 non
345 756 435 817 recte
450 751 649 833 Judicavisse
666 757 754 834 puto,
777 754 863 832 quod
881 752 913 818 ei
931 771 1029 817 causa
1048 752 1231 819 offensionis
1249 754 1383 820 videtur

258 841 371 920 finisse,
404 841 489 919 quod
515 859 578 905 non
605 840 732 922 poetice
761 841 850 907 dicta
877 859 949 907 esse
971 840 1064 907 nobis
1088 841 1254 925 videntum
1288 844 1383 924 quasi

259 927 496 1009 antiquioribus
523 929 722 1011 temporibus
749 930 924 995 mediocria
952 929 1095 996 carmina
1123 929 1208 995 effici
1234 949 1299 996 non
1326 951 1381 1014 po-

257 1017 391 1086 tuerint.
432 1017 620 1101 Quicunque
643 1019 821 1102 perlegerit
844 1018 1043 1084 collectionis
1066 1037 1189 1099 versus,
1212 1019 1382 1086 dummodo

258 1107 302 1174 sit
320 1107 427 1187 aliquo
450 1107 543 1172 modo
561 1107 687 1188 peritus
706 1107 862 1173 sermonis
881 1106 973 1189 epici,
997 1106 1067 1172 fieri
1085 1126 1150 1172 non
1167 1113 1284 1189 potest,
1303 1107 1381 1188 quin

257 1201 421 1262 auctorem
441 1213 550 1261 eorum
569 1195 756 1278 saepissimo
775 1196 1016 1264 animadvertet
1034 1214 1126 1261 nsum
1145 1199 1219 1262 esse
1234 1196 1381 1262 formulis

256 1284 427 1350 homericis
449 1285 503 1350 vel
526 1284 633 1366 potius
653 1284 761 1366 epicis,
786 1304 866 1365 quas
884 1284 1054 1350 maximam
1074 1291 1199 1364 partem
1219 1285 1254 1350 in
1268 1287 1379 1351 adum·

256 1373 406 1439 bratione
428 1379 542 1438 nostro
556 1374 757 1457 congessisse
775 1374 867 1439 nobis
880 1373 1035 1452 videmur,
1059 1380 1094 1439 ct
1107 1393 1242 1454 querum
1261 1375 1382 1440 multas

257 1481 317 1528 nos
347 1462 498 1528 Rennero
531 1462 649 1529 debere
677 1463 744 1546 jam
777 1463 953 1528 attulimus.
1009 1461 1180 1529 Convertit
1216 1462 1250 1527 in
1287 1482 1379 1528 usum

256 1569 348 1617 suum
367 1555 464 1633 poeta
482 1569 578 1618 voces
597 1551 752 1635 singulas,
775 1551 931 1617 formulas
949 1552 1117 1618 breviores
1135 1551 1188 1617 vel
1206 1551 1379 1634 longiores,

256 1641 352 1706 immo
375 1657 490 1708 versus
512 1638 581 1706 iere
600 1641 756 1722 integros
780 1646 878 1719 atque
891 1640 925 1705 in
939 1658 1003 1704 nno
1018 1639 1159 1704 carmine
1173 1641 1379 1722 (1249—52)

256 1730 422 1794 condendo
445 1729 718 1808 comparationem
741 1727 936 1793 homericam
959 1728 1104 1808 exemplo
1123 1728 1224 1794 fuisse
1242 1747 1306 1794 non
1324 1749 1380 1810 po·

257 1821 325 1882 test
347 1835 412 1881 non
435 1816 577 1897 agnosci.
610 1816 687 1881 Cum
707 1835 783 1884 vero
804 1821 930 1882 constet
947 1816 1067 1898 primos
1086 1823 1199 1898 poetas
1217 1817 1380 1900 elegiacos

257 1906 367 1971 eodem
390 1903 459 1970 fere
482 1922 602 1987 genere
625 1904 753 1971 dicendi
771 1924 846 1971 usos
865 1924 936 1972 esse
954 1911 1054 1986 atque
1071 1905 1255 1986 Homerum,
1273 1911 1381 1988 poste·

256 1993 377 2060 riorum
400 1994 525 2059 demum
549 1997 727 2076 temporum
750 1999 863 2076 poetas
890 1994 1024 2060 liberius
1046 1994 1218 2060 incessisse
1241 2013 1381 2074 suasque

256 2082 399 2164 ipsorum
421 2081 525 2165 magis
549 2088 677 2148 secutos
705 2102 776 2148 esse
803 2083 907 2165 leges,
936 2083 1063 2148 ratione
1089 2083 1160 2163 illa,
1192 2103 1256 2163 qua
1282 2089 1381 2166 poeta

257 2169 432 2238 carminum
460 2170 661 2252 appendicis,
690 2171 834 2251 quisquis
857 2171 933 2250 huit,
961 2189 1137 2236 sermonem
1161 2172 1286 2253 opicum
1308 2172 1380 2237 imi·

256 2264 347 2325 tatus
370 2259 426 2339 sit,
460 2259 643 2326 confirmari
665 2265 774 2342 potest
797 2259 960 2327 sententia
987 2260 1055 2343 jam
1087 2265 1163 2326 ante
1186 2261 1378 2327 Alexandri-

255 2368 367 2416 norum
400 2353 547 2431 tempora
578 2351 659 2416 haec
692 2348 835 2415 carmina
867 2354 982 2416 exorta
1014 2368 1093 2415 esse.
1139 2348 1232 2432 Quod
1263 2349 1311 2415 ita
1343 2368 1380 2414 se

254 2439 387 2516 habere,
421 2437 517 2502 etiam
541 2437 656 2504 Hiller.
685 2444 775 2504 recte
801 2437 977 2517 intellexit,
1010 2435 1086 2518 qui*
1123 2437 1267 2519 scripsit:
1302 2434 1379 2519 tiele

256 2525 412 2610 (carmina
436 2525 635 2611 appendicis)
667 2526 785 2611 momen
818 2525 888 2593 aaa
921 2527 953 2592 iu
987 2525 1039 2592 her
1071 2524 1218 2611 tatiana
1243 2525 1378 2610 dieqoug

256 2613 307 2682 her
329 2610 541 2697 Dotitehnag,
570 2613 613 2680 im
637 2613 708 2681 stit
736 2614 793 2682 mie
820 2615 862 2682 tm
895 2611 1083 2699 idestisque,
1111 2611 1215 2696 eiecto
1245 2616 1314 2700 ond)
1342 2614 1377 2682 ta

255 2702 306 2770 tea
321 2701 380 2770 uc
404 2701 455 2770 het
479 2697 672 2787 ponendum
689 2701 943 2787 itudopmungec
967 2702 1115 2787 bundoni
1138 2703 1216 2789 nicht
1231 2703 1286 2770 hen
1302 2703 1377 2771 (lina

256 2789 351 2869 trud,
385 2789 436 2858 bet
460 2787 729 2875 cleponhcinddpen
753 2792 825 2858 oter
850 2809 905 2876 got
933 2791 986 2858 ten
1013 2788 1171 2876 clotilden
1194 2791 1263 2877 ficit
1287 2810 1378 2874 capu:

255 2879 394 2964 qephteu.
439 2880 549 2960 Atque
571 2879 655 2946 idem
680 2879 848 2946 dicendum
872 2881 912 2968 dp
934 2881 1098 2959 Rennero,
1122 2880 1176 2961 qui
1200 2899 1269 2946 cum
1294 2899 1377 2946 com-

252 2968 484 3036 mentationem
517 2987 607 3036 suam
638 2969 856 3052 inscripserit:
889 2968 970 3037 Uber
1003 2968 1060 3036 hot
1084 2966 1302 3052 {iutmelmelen
1334 2967 1376 3036 ia

254 3055 440 3142 qtiedpildpea
470 3056 556 3140 dtus
585 3058 648 3126 aab
678 3055 782 3142 stillis
805 3057 1051 3142 fflemiuitceageu
1084 3056 1117 3124 iu
1150 3057 1201 3123 tec
1234 3058 1376 3126 diteteu

253 3142 438 3230 qucquam
463 3145 576 3231 hleqie,
600 3152 703 3214 totam
726 3147 761 3212 in
785 3166 823 3212 ee
846 3147 1054 3230 appendicem
1078 3146 1231 3229 respexit.

341 3234 494 3301 Breviter
512 3237 579 3318 jam
599 3235 844 3315 consideremus,
868 3254 932 3318 qua
949 3243 1022 3302 arte
1040 3241 1137 3316 poeta
1155 3253 1269 3303 versus
1287 3234 1376 3317 pepi-

252 3321 348 3407 gerit.
394 3322 519 3404 Negari
540 3342 605 3388 non
628 3328 737 3404 potest
760 3343 832 3391 eum
854 3326 916 3390 hac
938 3324 974 3390 in
996 3342 1033 3388 re
1060 3323 1160 3389 tuisse
1187 3323 1377 3408 diligentem

253 3417 352 3492 atque
374 3410 503 3477 minime
524 3411 709 3494 imperitum
731 3414 838 3497 legum
868 3433 990 3494 earum,
1019 3411 1134 3494 quibus
1157 3431 1271 3479 versus
1299 3417 1377 3478 sunt

254 3498 470 3583 componendi.
511 3499 546 3566 Si
571 3502 713 3568 carmina
737 3507 888 3568 constant
907 3521 946 3568 ex
964 3500 1112 3584 pluribus
1130 3500 1287 3581 distichis
1311 3502 1376 3567 sin·

254 3590 349 3672 gulae
376 3591 563 3672 plerumque
592 3591 773 3656 sententiae
802 3591 940 3674 singulis
972 3589 1121 3656 distichis
1153 3591 1375 3668 absolvumtur,

254 3698 444 3758 quamquam
472 3679 633 3744 nonnullis
665 3679 744 3745 locis
776 3681 876 3745 etiam
907 3678 1055 3760 sequenti
1078 3697 1187 3756 versu,
1220 3685 1257 3744 ut
1288 3678 1375 3761 apud

255 3785 363 3832 omnes
386 3772 500 3848 poetas
528 3767 702 3851 elegiacos,
731 3768 894 3834 sententia
920 3767 1074 3834 inchoato
1102 3765 1282 3849 conficitur3
1311 3785 1374 3848 qua

253 3855 287 3919 in
310 3875 346 3921 re
368 3859 496 3937 poetam
524 3857 573 3923 ita
601 3876 672 3922 esse
700 3861 878 3936 versatum,
906 3862 944 3922 ut
966 3856 1105 3923 variatio
1129 3857 1274 3938 jncundo
1303 3874 1373 3921 sen-
