3114 4658
2 176 48 387 Ρ
644 327 687 334 -
736 287 775 351 11
825 323 866 334 -

2 404 26 589 k
196 485 333 546 carmen,
357 484 418 546 quo
434 464 570 531 divitiae
589 469 623 529 et
640 464 801 546 sapientia
818 463 905 530 inter
924 482 959 529 se
977 468 1217 546 comparantur:
1238 483 1322 545 quae

198 554 396 638 comparatio
426 553 536 618 eodem
563 552 631 618 iere
658 553 751 618 modo
778 552 933 618 instituta
961 558 1011 618 cst
1037 556 1136 633 atque
1163 552 1224 618 boc
1251 553 1322 619 loco

194 643 288 726 pueri
311 648 345 709 et
369 641 454 723 equi,
482 661 557 706 nam
584 641 763 722 particulae
790 638 867 707 οόοε
890 640 949 727 γάρ
978 679 1022 688 -
1051 637 1134 706 ἀλλὰ
1157 679 1200 687 -
1225 637 1266 714 uir
1289 637 1321 706 δ’

198 730 303 806 οὕτως
325 731 360 796 in
383 735 521 810 utroque
543 729 685 795 carmine
707 730 873 796 adhibitae
896 734 980 796 sunt.
1016 730 1069 794 Ad
1091 749 1226 812 puerum
1244 748 1322 797 vero

198 841 250 890 vv.
276 819 453 884 1267-70
476 817 592 900 scripti
614 837 678 884 non
702 824 787 898 sunt,
811 819 867 884 sed
891 818 1054 884 sententia
1073 823 1123 884 est
1140 819 1175 885 in
1194 817 1323 884 univer-

197 929 267 976 sum
290 907 392 990 dicta3
414 913 523 973 tamen
545 907 736 973 monendum
760 911 813 972 est
829 913 1019 992 argumento
1039 926 1093 973 eos
1112 906 1232 973 similes
1252 924 1324 972 csse

200 1004 234 1065 et
252 1016 410 1076 versuum,
430 995 486 1077 qui
499 996 696 1063 antecedunt
715 1001 749 1061 et
767 1015 884 1075 eornm,
904 996 959 1077 qui
972 995 1117 1079 proxime
1136 1001 1324 1077 sequuntur.

288 1086 397 1152 Verba
420 1083 496 1150 νόον
520 1079 717 1164 ἀπόλλυται,
747 1104 829 1166 quae
856 1084 890 1149 in
918 1084 1070 1150 carminis
1097 1084 1270 1167 proximi(
1316 1133 1324 1150 .

200 1175 366 1256 1271-4)
388 1192 487 1241 versu
509 1172 612 1256 primo
634 1174 798 1256 leguntur,
821 1172 919 1239 etiam
942 1193 972 1241 v.
996 1174 1039 1239 36
1062 1172 1255 1240 invenimus:

334 1259 468 1335 ἀπολεῖς
491 1259 621 1326 καὶτὸν
645 1260 742 1328 ἐόντα
765 1260 851 1328 νόον.

199 1353 319 1418 Forma
343 1348 468 1416 ὤλεσαν
490 1350 525 1414 in
548 1350 660 1416 eadem
683 1368 798 1417 versus
821 1350 1016 1431 sedeatque
1035 1351 1094 1416 hoc
1113 1350 1182 1416 loco
1204 1347 1325 1422 ὤλεσας

200 1445 312 1507 exstat
333 1460 363 1506 v.
386 1439 444 1503 43:

336 1523 567 1609 caldeniacum
593 1523 695 1614 ’Κόρν3
720 1523 841 1608 ἀγαθοὶ
863 1526 962 1593 πόλιν
986 1525 1110 1593 ὤλεσαν
1134 1525 1256 1612 ἄνδρες.

290 1616 400 1682 Verba
422 1613 495 1689 νόος
518 1613 634 1690 ἐσθλός
657 1633 753 1698 saepe
775 1616 808 1681 in
824 1615 1042 1699 Theognideis
1067 1621 1252 1682 occurrunt:
1277 1615 1327 1681 ita

203 1726 234 1773 v.
259 1705 337 1771 223:

335 1791 439 1866 κεῖνός
463 1789 495 1874 γ’
520 1790 634 1880 ἄφρων
657 1791 734 1873 ἐστί,
758 1792 835 1858 νόον
860 1795 1084 1878 βεβλαμμένος
1107 1793 1239 1859 ἐσθλοῦ.

202 1903 234 1950 v.
259 1882 336 1947 792:

336 1973 390 2035 καὶ
413 1967 498 2053 μετὰ
521 1975 587 2036 τῶν
606 1966 741 2051 ἀγαθῶν
760 1967 879 2038 ἐσθλὸν
899 1969 1007 2053 ἔχοιμι
1027 1968 1112 2036 νόον.

202 2079 233 2127 v.
259 2059 356 2125 1054:

337 2144 439 2235 βουλὴ
463 2143 495 2214 δ’
520 2147 565 2221 εἰς
589 2144 717 2227 ἀγαθὸν
740 2151 795 2212 καὶ
818 2146 890 2222 νόος
913 2145 1029 2221 ἐσθλὸς
1053 2145 1133 2229 ἄγει.

292 2236 370 2302 Cum
393 2236 503 2304 verbis
536 2235 672 2322 αἰσχύνη
705 2238 738 2301 δὲ
771 2238 876 2320 φίλοις
908 2233 1077 2324 ἡμετέροις
1106 2236 1215 2317 ἐγένου
1244 2254 1327 2301 com·

204 2325 315 2408 parari
337 2330 446 2406 potest
468 2344 498 2390 v.
521 2323 601 2387 481:

337 2417 498 2494 puliciano
522 2407 712 2494 ἀπάλαμνα,
736 2408 777 2476 τὰ
800 2411 919 2499 νήφοσι
943 2419 1066 2493 γίνεται
1090 2410 1214 2500 αἰσχρά.

294 2497 535 2608 Αᾱῖἀνέψοξας
557 2498 656 2566 affero
680 2499 778 2566 etiam
796 2500 888 2566 Hom.
913 2507 941 2566 Σ
961 2501 1039 2566 44οι

339 2613 401 2677 ηκα
424 2587 513 2672 μάλα
537 2587 669 2675 ψύξασα
692 2593 753 2655 etc.

294 2695 370 2762 Jam
396 2715 450 2762 vv.
483 2695 635 2760 1275-ss
662 2694 780 2762 iterum
814 2696 960 2775 sequitur
992 2715 1135 2775 carmen,
1168 2695 1252 2776 quod
1285 2697 1328 2762 ad

205 2803 338 2866 puerum
362 2783 516 2867 seriptum
541 2789 683 2864 nonest,
707 2785 764 2851 sed
783 2784 979 2852 sententiam
998 2785 1142 2851 continet
1160 2786 1201 2851 de
1219 2804 1328 2851 amore

173 2903 174 2906 ¹
206 2874 386 2939 solemnem.
428 2873 498 2956 Quo
521 2891 599 2939 vero
624 2873 757 2938 consilio
784 2874 827 2953 is,
855 2873 910 2954 qui
932 2874 1153 2940 collectionem
1180 2872 1327 2953 coniecit,

205 2963 266 3027 hoc
288 2961 358 3044 ipso
381 2962 451 3027 loco
475 2980 604 3026 carmen
626 2961 816 3044 inseruerit,
844 2981 909 3028 non
936 2967 987 3027 est
1013 2962 1047 3026 in
1075 2966 1204 3043 aperto;
1232 2981 1326 3045 argu·

205 3049 305 3116 menti
328 3049 411 3116 enim
439 3049 680 3115 necessitudine
707 3069 811 3131 neque
839 3070 909 3117 cum
937 3050 1097 3133 prioribus
1124 3068 1229 3130 neque
1256 3070 1327 3117 cum

203 3137 437 3222 posterioribus
460 3139 666 3222 conjunctum
689 3144 753 3220 est;
774 3159 850 3206 nam
873 3142 1051 3220 sequnntur
1073 3137 1107 3204 in
1131 3138 1241 3206 codice
1264 3140 1328 3206 duo

205 3228 353 3308 disticha,
376 3245 509 3309 quorum
533 3226 670 3293 alterum
695 3232 746 3294 est
768 3228 852 3296 idem
875 3247 914 3294 ac
936 3249 988 3297 vv.
1014 3228 1109 3306 1101,
1134 3229 1163 3308 2,
1189 3228 1328 3294 alterum

204 3316 288 3384 idem
312 3336 351 3383 ac
373 3337 425 3384 vv.
450 3315 583 3397 949,50;
610 3315 779 3397 utriusque
800 3336 878 3386 vero
907 3317 1070 3384 sententia
1098 3323 1150 3384 est
1178 3318 1329 3384 absoluta

206 3409 240 3472 et
272 3405 313 3471 de
342 3423 514 3487 puerorum
546 3423 655 3471 amore
685 3405 835 3490 intellegi
867 3411 985 3488 potest.
1038 3407 1138 3473 Immo
1176 3405 1205 3471 si
1236 3405 1328 3488 prins

205 3493 369 3560 distichon
392 3494 493 3578 (1278
503 3492 561 3578 ab)
585 3513 611 3559 e.
631 3512 656 3559 c.
675 3500 750 3576 post
768 3515 798 3563 v.
819 3495 906 3560 1240
923 3494 1081 3561 insertum
1100 3493 1327 3570 inveniremus,
1442 3526 1446 3531 ·

205 3588 316 3665 aptum
339 3582 444 3648 locum
467 3581 613 3647 obtinere
635 3582 812 3650 videretur.
858 3583 1003 3650 Alterius
1026 3589 1135 3649 autem
1157 3600 1328 3665 argumen-

207 3676 284 3752 tum,
304 3671 333 3737 si
347 3673 388 3738 de
401 3689 510 3736 amore
528 3670 647 3751 puerili
664 3670 891 3756 intellegimus,
909 3672 1017 3754 aliquo
1032 3671 1125 3737 modo
1140 3669 1243 3736 simile
1257 3690 1329 3737 esse

206 3779 369 3841 versuum,
408 3759 462 3839 qni
493 3759 640 3841 proxime
677 3767 868 3841 sequuntur,
906 3759 1046 3826 fortasse
1074 3761 1149 3843 jure
1180 3759 1329 3844 Judicare

385 4019 420 4084 ὦς
440 4019 467 4077 δ’
488 4020 572 4085 αὔτως
591 4029 689 4095 σοφίην
707 4021 721 4078 ὁ
740 4018 889 4093 σοφώτατος
908 4019 955 4077 οὐκ
974 4018 1131 4094 ἇποφεύγει,

422 4106 484 4166 ‹iit’
503 4111 603 4185 ἔραται,
622 4108 714 4184 θυμὸν
733 4109 760 4166 d'
780 4107 810 4167 αὖ
829 4108 939 4166 δύναται
957 4112 1069 4165 τελέσαι.
