3114 4658
670 373 892 437 ..43-

216 549 373 616 nonnulla
391 548 521 632 singula
539 549 702 632 poematia
721 549 844 616 erotica
868 550 1046 632 efficienda,
1069 552 1193 631 deinde,
1218 570 1288 617 curn
1313 552 1343 617 ei

216 639 416 721 placuissent
435 638 591 721 ejusmodi
613 656 729 721 nugae,
753 639 794 704 ad
814 641 993 721 exemplum
1013 640 1189 706 carminum
1208 640 1344 723 111011-

217 747 292 794 num
317 726 519 793 conditorum
543 726 658 792 seriem
682 745 791 792 11111
812 727 989 794 carminum
1012 729 1054 794 ad
1077 748 1210 812 puerum
1233 729 1343 795 fictum

218 816 418 883 conditorum
452 815 637 895 conficeret,
665 820 763 896 atque
790 821 917 898 postea,
951 836 1160 899 quaecunque
1189 817 1344 901 eJusmodi

217 905 355 984 fecissit,
380 923 444 985 qua
466 904 501 970 in
523 923 560 970 re
584 903 682 970 etiam
706 904 841 970 aliorum
864 910 1032 988 poetarum
1055 925 1170 976 versus
1194 906 1228 972 in
1251 925 1343 972 usum

216 1012 307 1060 suum
331 994 555 1073 convertisset,
577 993 612 1059 11
635 1013 768 1073 parvam
795 993 1015 1060 collectionem
1034 1000 1228 1077 congereret
1245 1000 1344 1076 atque

217 1084 430 1166 conjungeret
440 1101 573 1163 eamque
587 1082 801 1165 subjungeret
815 1082 849 1147 in
863 1083 946 1149 libro
957 1103 1014 1150 suo
1023 1084 1170 1164 rehquiis
1181 1083 1344 1167 Theogni-

217 1171 294 1250 deis,
319 1190 454 1252 quarum
473 1171 629 1252 quaedam
649 1191 719 1237 eum
734 1171 777 1236 ad
791 1191 861 1237 eam
877 1171 1106 1238 conficiendam
1121 1173 1343 1239 adduxissent.

217 1261 290 1325 Hac
313 1259 417 1343 igitur
440 1260 578 1326 maxime
602 1279 642 1325 ex
669 1279 706 1324 re
735 1266 886 1326 constare
914 1260 993 1326 mihi
1015 1260 1147 1329 videtur
1174 1261 1343 1327 consilium

218 1349 415 1431 parodicum,
439 1350 523 1429 quod
548 1347 652 1430 accipi
679 1349 775 1416 volui.
818 1350 929 1430 Neque
952 1369 1029 1418 vero
1055 1350 1197 1415 dubitari
1224 1354 1342 1432 potest,

202 1438 295 1518 -quin
319 1457 360 1503 ex
379 1456 415 1503 eo
439 1437 538 1504 etiarn
561 1439 617 1503 lux
641 1442 819 1518 spargatur
841 1437 876 1503 in
900 1439 1121 1518 quaestionem
1143 1438 1242 1518 illam,
1266 1457 1342 1519 quo·

215 1526 309 1591 modo
333 1525 455 1592 iactum
479 1526 531 1605 sit,
555 1525 649 1593 utin
673 1527 796 1591 duobus
820 1526 1017 1592 carminibus
1036 1527 1159 1614 Κύρνος
1183 1532 1217 1592 11
1239 1534 1344 1609 Σιμω-

219 1618 306 1702 νίδης
324 1615 564 1681 invocarentur.
606 1615 689 1680 Nam
708 1614 866 1695 siquidem
889 1617 993 1681 multa
1016 1615 1215 1681 collectionis
1239 1616 1343 1680 Theo-

216 1703 355 1787 gnideae
374 1704 526 1783 carmina,
550 1703 584 1768 in
604 1703 718 1784 quibus
737 1703 925 1784 saepissime
944 1703 1076 1791 Κύρνος,
1095 1704 1146 1770 bis
1161 1707 1345 1790 Σιμωνίδης

215 1792 398 1871 invocatur,
432 1797 596 1859 auctorem
630 1792 818 1874 appendicis
850 1795 891 1859 ad
925 1811 1030 1876 nugas
1062 1793 1144 1859 istas
1175 1793 1343 1859 faciendas

215 1881 471 1960 concitaverunt,
491 1881 623 1947 consilio
643 1881 795 1962 parodico
815 1882 913 1947 etiarn
932 1882 1106 1948 tribuenda
1126 1888 1202 1948 sunt
1221 1902 1260 1948 ea
1280 1881 1342 1946 duo

215 1968 403 2052 appendicis
428 1970 585 2049 carmina,
613 1969 647 2034 in
676 1970 791 2050 quibus
815 1970 1038 2038 invocationes
1062 1970 1162 2053 Cyrni
1186 1976 1219 2036 et
1242 1969 1343 2036 Simo·

215 2058 301 2124 nidis
318 2058 481 2142 legrmtur,
500 2063 598 2139 atque
618 2058 784 2124 consilium
803 2059 990 2140 parodicum
1009 2059 1241 2126 inuniversum
1259 2057 1343 2124 acci·

215 2147 365 2229 piendum
389 2166 460 2213 esse
484 2149 702 2229 comprobant.
744 2147 791 2213 Ut
819 2147 926 2214 omnia
955 2154 1076 2228 cetera,
1109 2148 1155 2214 sic
1183 2148 1281 2214 etiam
1308 2147 1344 2212 hi

216 2237 278 2302 duo
297 2235 443 2303 vocativi
462 2238 573 2318 procul
594 2235 691 2302 dubio
711 2235 898 2318 appendicis
917 2237 1051 2316 auctori,
1076 2238 1130 2317 qui
1149 2236 1343 2302 statuendus

216 2330 274 2405 est,
293 2324 481 2392 vindicandi
499 2329 583 2391 sunt.
629 2325 766 2391 Versum
789 2326 873 2389 1349
893 2331 1039 2391 exortum
1059 2342 1212 2391 essenon
1239 2343 1345 2406 posse,

217 2412 281 2479 nisi
313 2419 448 2480 auctore
479 2413 514 2478 in
546 2418 654 2479 mente
686 2415 825 2480 habente
857 2415 937 2480 duos
969 2414 1046 2479 libri
1078 2414 1196 2496 prioris
1219 2432 1343 2488 versura,

216 2523 245 2570 v.
271 2501 313 2567 25
338 2508 371 2568 et
396 2504 473 2582 191,
502 2506 751 2568 consentaneum
780 2507 843 2581 cst;
875 2502 1016 2568 fortasse
1049 2502 1160 2583 etiarn,
1194 2502 1344 2583 quoniam

216 2593 446 2657 recordaretur
459 2591 533 2656 illos
551 2610 676 2671 versus,
699 2591 733 2656 in
746 2612 776 2659 v.
792 2592 878 2656 1349
899 2591 1094 2658 conficiendo
1108 2591 1344 2659 invocationem

219 2680 416 2767 Πολυπαΐδη
440 2679 644 2746 adhibuisset
667 2679 853 2763 appendicis
877 2686 999 2760 auctor,
1027 2681 1092 2747 nisi
1118 2700 1233 2749 versus
1256 2678 1344 2744 ratio

217 2768 445 2850 impedimento
468 2768 598 2850 fuisset3
623 2771 797 2849 quodcum
821 2769 870 2835 ita
894 2775 989 2848 esset,
1013 2769 1140 2835 nomine
1163 2768 1345 2847 Simonidis,

219 2857 304 2936 quod
322 2857 398 2922 item
418 2876 483 2922 non
501 2877 672 2939 numquam
691 2857 758 2940 legi
775 2858 809 2922 in
827 2857 910 2923 libro
929 2857 1038 2940 priore
1057 2859 1143 2923 haud
1162 2858 1345 2941 ignorabat,

219 2963 297 3010 usus
321 2949 380 3010 cst.
425 2947 537 3027 Neque
558 2947 594 3011 in
616 2967 668 3014 vv.
694 2947 847 3011 1353-t3
874 2965 928 3012 res
951 2947 1049 3012 aliter
1072 2966 1106 3012 se
1129 2948 1240 3026 habet,
1269 2967 1344 3028 quo·

220 3051 290 3098 rum
322 3033 450 3100 dicendi
477 3035 563 3101 ratio
594 3035 793 3118 Theognidis
821 3041 872 3100 est
899 3034 1074 3116 simillima,
1106 3053 1180 3100 nam
1211 3041 1346 3116 praeter

221 3141 351 3190 versum
380 3123 516 3204 primum
548 3129 581 3189 et
609 3124 757 3189 ultimum
781 3142 852 3189 curn
876 3123 1016 3190 disticho
1045 3125 1163 3204 altero,
1191 3125 1275 3205 quod
1303 3125 1344 3190 ad

220 3211 482 3293 compositionem
512 3212 646 3288 attinet,
679 3219 756 3294 apte
788 3211 929 3278 conferri
960 3218 1096 3294 possunt
1122 3212 1199 3278 libri
1225 3213 1346 3295 prioris

219 3319 271 3368 vv.
295 3300 370 3380 509,
397 3301 447 3380 10,
472 3302 527 3382 qui
544 3302 647 3367 multa
665 3302 787 3367 habent
806 3322 876 3368 cum
896 3301 943 3368 eis
963 3301 1148 3382 communia,
1172 3301 1220 3368 ita
1238 3309 1275 3368 ut
1294 3301 1347 3366 his

220 3407 344 3469 quoque
371 3389 520 3457 versibus
548 3391 712 3456 sententia
744 3390 964 3470 confirmetur,
997 3391 1127 3474 singula
1158 3390 1346 3473 appendicis

220 3477 365 3543 carmina
387 3497 451 3544 non
470 3498 541 3545 esse
559 3479 712 3561 parodias
731 3486 893 3545 certorum
914 3483 1114 3559 quorundam
1132 3479 1208 3544 libri
1226 3479 1346 3561 prioris

216 3565 483 3647 fragmentorum,
498 3569 554 3633 sed
569 3568 676 3633 omnia
694 3567 782 3632 illius
796 3568 995 3634 collectionis
1009 3568 1195 3650 fragmenta
1209 3568 1345 3645 auctori,

218 3655 335 3737 quippe
355 3655 410 3736 qui
434 3657 489 3722 diu
512 3657 710 3736 multumque
732 3657 767 3721 in
796 3661 842 3722 eis
870 3661 1021 3723 versatus
1049 3661 1148 3736 esset,
1176 3655 1346 3721 notissima

217 3742 325 3823 fuisse,
344 3744 394 3809 111
411 3749 457 3824 11,
477 3764 684 3827 quaecunque
702 3746 735 3810 in
755 3745 933 3827 appendice
951 3745 1091 3811 inveniri
1109 3744 1244 3827 possint,
1264 3763 1346 3825 quae

217 3833 286 3915 ejus
309 3839 425 3898 auctor
447 3853 488 3899 eu
512 3834 700 3900 collectione
724 3835 933 3916 Theognidea
952 3833 986 3898 in
1010 3853 1098 3900 suam
1121 3853 1188 3899 rem
1214 3853 1345 3901 conver-

217 3921 306 4000 terit,
330 3941 459 3988 cumea
481 3923 718 4000 recordaretur,
743 3923 889 3989 consulto
913 3923 947 3987 in
972 3922 1166 3988 carminibus
1186 3923 1253 3988 suis
1272 3942 1347 3987 con·

216 4009 361 4076 ficiendis
385 4011 571 4077 adhibuisse
594 4011 814 4094 accipiendum
839 4011 891 4077 sit.

307 4099 435 4178 Restat,
454 4105 492 4166 ut
510 4101 622 4183 paucis
642 4103 817 4180 ostendam,
842 4119 903 4181 quo
923 4106 1067 4182 tempore
1085 4099 1248 4182 appendix
1267 4103 1348 4165 nata

218 4205 290 4253 esse
312 4187 473 4254 videatur.
506 4189 653 4256 Vidimus
677 4192 743 4275 jam
765 4189 800 4254 in
824 4189 879 4268 eis,
904 4208 986 4270 quae
1005 4208 1103 4270 supra
1122 4191 1162 4255 de
1181 4188 1347 4268 sermonis
