3114 4658
719 304 941 370 „28-

268 483 436 567 colligata,
468 480 609 549 inveniri
636 500 700 548 non
727 500 834 564 posse,
867 499 1059 562 quamquam
1085 482 1173 548 haud
1200 481 1248 548 ita
1279 482 1394 564 paucis

267 571 348 638 locis
369 575 504 653 propter
522 575 786 654 argumentorum
806 569 1048 636 similitudinem
1067 569 1211 636 carmina
1229 589 1300 637 esse
1318 589 1393 636 con·

267 665 363 743 gesta
386 678 450 725 non
472 663 582 740 potest
605 678 669 726 non
693 658 852 743 cognosci.

808 855 851 920 Π.

356 977 431 1044 Jam
455 977 547 1046 nobis
570 977 787 1060 quaerendum
815 982 879 1054 cst,
908 977 979 1060 quis
1008 977 1108 1043 fuerit
1136 981 1249 1044 auctor
1277 974 1391 1042 carmi-

268 1087 344 1134 num
372 1066 581 1135 collectionis.
631 1067 681 1134 De
710 1063 898 1148 Theognide
926 1065 1009 1132 enim
1037 1084 1101 1131 non
1128 1085 1223 1148 posse
1251 1064 1392 1149 cogitari

266 1155 364 1222 facile
386 1176 427 1222 cx
451 1157 574 1222 duobus
597 1155 705 1222 causis
728 1159 874 1236 apparet.
916 1155 998 1221 Nam
1020 1154 1157 1236 primum
1181 1174 1222 1220 ex
1245 1153 1392 1232 omnibus

266 1250 413 1312 veterum
440 1246 635 1326 scriptorum
664 1243 871 1323 testimoniis,
899 1263 982 1324 quae
1009 1244 1050 1310 de
1074 1242 1273 1327 Theognidis
1300 1243 1392 1324 poesi

267 1338 412 1414 exstant,
446 1353 518 1399 eum
540 1351 655 1400 versus
688 1331 863 1398 amatorios
895 1351 960 1398 non
990 1329 1108 1398 fecisse
1138 1335 1248 1414 potest
1271 1331 1391 1415 colligi,

267 1441 349 1502 quae
380 1440 433 1489 res
466 1421 582 1488 deinde
614 1421 822 1488 confirmatur
855 1440 891 1488 eo
925 1421 1139 1504 potissimum,
1172 1418 1257 1502 quod
1288 1419 1392 1503 ipsius

266 1509 466 1594 Theognidis
489 1529 604 1578 versus
631 1508 760 1592 quidam
789 1512 831 1576 ab
858 1508 1046 1592 appendicis
1073 1527 1225 1578 versuum
1257 1515 1391 1574 auctore

265 1598 314 1666 ita
337 1599 485 1681 usmpati
509 1604 596 1676 sunt,
625 1603 663 1666 ut
690 1601 732 1666 ab
756 1597 945 1682 Theognide
968 1618 1023 1664 eos
1046 1617 1110 1663 non
1134 1617 1204 1664 esse
1226 1596 1391 1679 profectos

266 1688 519 1754 concludendum
541 1688 598 1768 sit;
628 1707 692 1769 qua
715 1688 755 1753 de
778 1707 814 1752 re
841 1685 929 1752 infra
947 1692 1099 1753 accurate
1122 1685 1215 1774 nobis
1239 1685 1304 1751 erit
1327 1686 1390 1751 dis-

266 1775 453 1858 putandum.
499 1775 590 1841 Duos
613 1794 728 1843 versus
752 1773 866 1860 (1253,
890 1775 924 1860 4)
948 1773 1074 1841 Solonis
1102 1794 1173 1842 esse
1197 1776 1265 1858 jam
1292 1793 1392 1857 supra

266 1864 443 1930 attulimus.
489 1864 572 1929 Num
597 1869 688 1930 certa
711 1864 848 1944 quadam
876 1864 1004 1930 ratione
1026 1868 1163 1945 uterque
1190 1864 1293 1943 locuS,
1316 1863 1391 1929 Pla·

265 1952 352 2018 tonis
376 1951 645 2034 collectionisqne,
668 1952 757 2018 inter
780 1972 816 2018 se
839 1954 1043 2032 cohaereant,
1066 1951 1199 2021 difficile
1222 1957 1274 2018 est
1291 1951 1390 2018 dictu.

265 2037 394 2108 Hiller*
418 2041 545 2121 quidem
569 2041 757 2123 appendicis
781 2048 945 2122 auctorem
969 2041 1039 2124 ipso
1063 2041 1119 2106 illo
1142 2040 1291 2107 Platonis
1309 2041 1389 2120 loco,

266 2134 304 2195 ut
327 2128 488 2194 distichon
516 2130 550 2194 in
582 2129 802 2196 collectionem
835 2130 996 2211 reciperet
1027 2128 1203 2210 statimque
1235 2128 1390 2208 variaret,

266 2236 337 2285 esse
360 2221 551 2284 commotum
578 2217 763 2300 suspicatus
790 2224 854 2300 est,
882 2219 965 2300 quod
994 2218 1120 2300 quidem
1148 2217 1220 2283 fieri
1245 2217 1391 2300 potuisse

265 2326 330 2372 non
352 2325 479 2390 negem;
512 2307 570 2374 sed
602 2306 788 2392 conjectura
819 2313 927 2374 tamen
950 2306 1030 2373 mihi
1060 2305 1191 2375 videtur
1220 2307 1390 2373 admodum
1515 2311 1516 2348 ³

264 2395 405 2475 incerta3
434 2395 626 2462 crediderim
650 2397 771 2478 potins
800 2396 938 2462 Luciani
960 2415 1085 2478 quoque
1111 2397 1181 2462 loco
1206 2399 1391 2475 commotus

266 2483 320 2565 qui
349 2483 480 2549 distichi
503 2483 629 2551 Solonis
656 2486 879 2551 hexametrum
906 2485 941 2550 in
964 2486 1073 2551 Amor.
1101 2504 1170 2566 cap.
1194 2484 1238 2548 48
1266 2483 1391 2563 attulit,

266 2570 469 2638 notissimum
500 2571 602 2639 fuisso
633 2573 841 2654 antiquitatis
874 2573 1073 2656 temporibus
1105 2572 1185 2639 illud
1219 2572 1390 2639 distichon.

265 2659 436 2740 Utcunque
464 2679 516 2726 res
544 2679 579 2726 se
606 2660 718 2738 habet,
750 2662 919 2727 Platonem
948 2680 989 2726 cx
1017 2661 1194 2743 appendice
1227 2660 1390 2727 distichon

265 2748 392 2815 Solonis
415 2766 479 2813 non
503 2747 694 2832 cognovisse
716 2768 774 2831 pro
799 2754 888 2815 certo
911 2750 1031 2816 habere
1053 2769 1231 2832 possumus.
1277 2750 1390 2831 Neque

264 2857 342 2905 vero
361 2856 475 2904 versus
494 2835 683 2920 appendicis
701 2838 788 2919 apud
810 2837 1038 2923 florilegiorum
1054 2839 1229 2921 scriptores
1245 2838 1390 2920 aliosque

264 2927 431 3010 leguntur3
454 2945 518 3007 qua
541 2946 581 2992 ex
604 2946 641 2993 re
664 2945 735 2993 eam
757 2925 823 2992 illis
845 2947 910 2993 non
933 2927 1034 2995 fuisse
1061 2932 1171 2995 notam
1199 2932 1289 2994 recte
1309 2931 1390 2993 'con-

265 3015 386 3082 cludas
418 3015 490 3081 Hoc
513 3015 616 3098 igitur
638 3016 731 3081 modo
748 3015 872 3084 factum
890 3022 949 3096 est,
972 3021 1009 3083 ut
1023 3019 1064 3083 ab
1079 3017 1259 3083 homiuibus
1275 3015 1389 3094 doctis,

266 3103 321 3185 qui
354 3122 483 3184 operam
516 3124 605 3172 suam
639 3104 878 3172 collocaverunt
914 3105 949 3171 in
983 3104 1129 3188 reliquiis
1163 3103 1390 3189 Theognideis,

265 3190 378 3259 variae
402 3193 441 3258 de
464 3198 597 3259 auctore
624 3194 853 3262 auctoribusvc
881 3194 1064 3261 sententiae
1090 3193 1316 3276 proferrentur
1343 3193 1390 3258 di·
1514 3173 1515 3200 ³

263 3280 432 3360 versisque
464 3281 664 3349 diversorum
701 3286 881 3364 temporum
917 3282 1022 3365 poetis
1055 3301 1169 3350 versus
1201 3281 1391 3365 appendicis

264 3369 495 3436 tribuerentur.
541 3372 650 3451 Atque
676 3371 815 3438 maxime
843 3369 970 3453 quidem
996 3370 1139 3438 vocativi
1162 3374 1326 3458 Σιμωνίδη
1355 3376 1390 3436 et

265 3455 385 3545 Κύρνε,
415 3457 470 3538 qui
496 3458 706 3528 inveniuntur
734 3479 786 3528 vv.
812 3459 899 3526 1349
922 3464 957 3526 et
981 3458 1080 3539 1354,
1112 3460 1154 3526 ad
1187 3461 1390 3545 conjecturas

264 3547 304 3612 de
327 3551 460 3614 auctore
483 3546 649 3613 faciendas
676 3549 816 3615 adhibiti
840 3554 923 3614 sunt.
970 3548 1024 3614 lta
1047 3549 1210 3634 Hartnng.
1238 3549 1306 3616 solo
1333 3566 1389 3614 no·

263 3635 349 3701 mine
383 3635 488 3723 Κύρνε
520 3636 652 3704 videtur
683 3643 859 3704 commotus
891 3655 975 3718 esse,
1007 3641 1044 3703 ut
1076 3657 1191 3706 versus
1224 3637 1389 3716 1353—6‚

264 3724 380 3790 deinde
420 3724 609 3805 1357-60,
648 3725 824 3790 1367-72
858 3725 1041 3809 Theognidi
1078 3727 1246 3792 tribueret.
1303 3724 1389 3792 Sane

262 3811 372 3893 aliqua
394 3811 546 3881 veritatis
569 3814 676 3897 specie
699 3814 733 3880 id
756 3814 821 3880 dici
847 3833 943 3896 posse
971 3834 1036 3880 non
1062 3834 1159 3898 nego,
1187 3835 1261 3881 nam
1290 3813 1388 3894 siqui·
1513 3899 1514 3902 Ἴ

264 3901 334 3966 dem
367 3901 401 3967 in
428 3901 537 3982 priore
560 3903 643 3970 libro
671 3902 872 3986 Theognidis
898 3903 956 3968 illa
983 3903 1055 3986 ipsa
1083 3903 1183 3988 Cyrni
1210 3902 1387 3985 appellatio

352 4133 407 4187 *c
427 4133 445 4186 l.
465 4148 510 4202 pg.
530 4134 591 4188 470.
