3114 4658
620 331 838 396 ...35-

166 508 363 591 pentametri
381 509 485 592 partis
503 509 579 591 poni
597 528 661 574 non
680 509 796 575 debere
816 513 952 588 constat,
977 510 1040 574 etsi
1062 529 1288 591 nonnunquam

23 627 48 658 1·
167 599 373 680 exceptiones
396 597 536 663 inveniri
558 597 674 680 negari
696 617 761 666 nou
783 602 901 679 potest.
933 597 1113 665 Admodum
1135 618 1213 665 vero
1231 599 1288 664 mi·

41 717 46 748 a
167 688 304 754 randum
329 692 379 752 est
401 686 487 752 idem
510 706 580 751 esse
599 686 697 752 etiam
720 686 752 751 in
772 685 891 768 prioris
909 686 1188 768 Theognideorum
1213 687 1289 753 libri

26 796 44 837 'L
168 781 369 858 pentametro
393 775 494 857 primo
517 775 613 856 idque
636 776 747 841 eodem
770 777 863 841 modo
890 775 925 840 in
952 776 1108 856 carmine,
1137 777 1221 856 quod
1249 777 1290 842 ad

23 883 43 926 ,1
170 865 263 930 deum
286 863 449 929 conditum
473 868 531 929 111.
578 864 670 948 Quod
697 869 804 930 utrum
833 883 910 929 casn
938 865 1075 944 quodam
1101 865 1291 930 1111111111

32 981 41 1016 1
169 973 212 1018 11
235 960 323 1019 certo
351 954 477 1018 cuidam
505 953 638 1018 consilio
669 952 888 1030 tribuendum,
920 954 980 1018 hoo
1012 953 1095 1033 loeo,
1128 972 1189 1033 qno
1222 973 1291 1019 rem

25 1045 41 1073 '³
169 1041 271 1123 ipsam
298 1041 495 1108 indicavisse
526 1041 607 1108 satis
640 1047 702 1121 est,
733 1041 838 1108 fusius
871 1042 1039 1124 disputare
1070 1042 1197 1124 longum
1230 1047 1290 1108 est.

170 1129 317 1210 Denique
336 1131 433 1196 affero
452 1131 487 1195 in
505 1130 713 1196 commissura
732 1131 867 1196 duorum
885 1134 1159 1213 pentametrorum
1175 1131 1290 1217 (1340,

172 1219 271 1303 1378)
300 1218 465 1285 elisionem
494 1220 560 1302 legi
587 1219 709 1287 vocalis
735 1219 748 1284 i
776 1216 875 1306 (ἔστ’)
905 1225 938 1284 11
965 1220 1087 1287 vocalis
1115 1216 1291 1303 1(τοῦ1’)·,

23 1315 41 1375 1
169 1307 226 1373 sed
249 1313 420 1388 utrumque
442 1309 477 1373 in
505 1307 700 1374 carminibus
728 1307 944 1390 antiquiorum
973 1327 1097 1389 quoque
1124 1313 1291 1389 poetarum

35 1435 39 1448 »
170 1396 385 1480 elegiacorum
409 1396 538 1476 saepius
556 1396 730 1462 invenitur.

259 1486 313 1549 Ex
335 1484 386 1549 his
414 1483 692 1563 adnotationibus,
724 1504 804 1564 quas
837 1487 877 1550 de
909 1505 1055 1551 sermone
1078 1504 1291 1565 versuumque

171 1575 459 1654 componendorum
477 1579 549 1638 1111
568 1573 756 1655 appendicis
775 1572 950 1639 carminum
969 1574 1111 1652 fecimus,
1135 1593 1205 1639 mea
1224 1575 1291 1654 qui-

171 1661 242 1727 dem
266 1662 428 1727 sententia
450 1667 588 1744 apparet
610 1662 793 1741 verisimile,
817 1681 857 1728 ne
884 1662 988 1729 dicam
1017 1668 1141 1728 certum
1157 1681 1229 1728 esse
1253 1681 1292 1728 ea

169 1770 233 1815 nou
255 1751 489 1832 posterioribus
518 1749 729 1832 temporibus,
756 1751 1021 1832 quemadmodum
1047 1751 1201 1816 nonnulla
1224 1752 1292 1834 jam

170 1838 315 1907 homines
339 1839 426 1904 docti
445 1840 688 1922 judicaverunt,
717 1841 875 1906 sedante
897 1839 1190 1907 Alexandrinorum
1213 1844 1292 1905 tem·

170 1947 251 2008 pora
274 1946 345 1992 esse
369 1933 491 1991 exorta.
523 1928 668 2007 Accedit,
692 1930 776 2007 quod
800 1947 909 1993 omnes
931 1928 1000 1994 fere
1019 1929 1200 1995 1111111111
1218 1928 1291 1995 sim-

171 2015 249 2096 plici
271 2014 490 2096 naturalique,
518 2021 556 2080 ut
578 2015 627 2082 ita
654 2015 771 2094 dicam,
804 2017 911 2096 modo,
943 2016 999 2097 qui
1031 2022 1189 2098 tempora.
1207 2017 1291 2083 anti·

172 2102 285 2182 quiora
303 2123 396 2184 quam
410 2103 705 2171 Alexandrinorum
723 2105 857 2184 redolet,
880 2105 1047 2187 expositae
1066 2112 1099 2172 et
1119 2125 1292 2187 expressae

24 2155 44 2208 ',
172 2197 261 2272 sunt,
290 2212 447 2272 quaeres
471 2191 569 2258 facile
596 2194 744 2277 intellegi
771 2198 881 2275 potest
909 2195 1103 2275 comparatis
1130 2195 1292 2276 plerisque

171 2280 218 2345 eis
238 2281 487 2364 epigrammatis,
507 2301 589 2360 quae
609 2281 794 2347 duodecimo
813 2283 1031 2364 Anthologiae
1050 2283 1221 2348 Palatinae
1239 2302 1290 2347 ca-

170 2369 239 2452 pite
262 2369 476 2435 continentur.

260 2458 416 2542 Quoniam
437 2457 550 2540 igitur,
574 2463 610 2523 11
629 2461 697 2542 jam
720 2477 818 2540 supra
841 2458 988 2537 diximus,
1011 2459 1045 2524 in
1068 2458 1188 2541 optimo
1207 2460 1290 2524 anti-

171 2546 386 2627 quissimoque
414 2546 692 2630 Theognideornm
720 2547 837 2613 codice'
857 2547 1039 2614 collectioni
1062 2548 1291 2631 Theognideae

170 2635 332 2718 appendix
361 2637 532 2720 subjuncta
560 2642 622 2712 111,
655 2636 814 2718 inscripta
842 2635 991 2716 ἐλεγείων
1014 2635 1058 2721 β’,
1091 2637 1146 2717 qni
1174 2637 1291 2702 titulus

171 2725 248 2804 quin
266 2724 362 2790 titulo
381 2724 430 2790 illi
445 2726 645 2808 Theognidei
659 2725 747 2790 libri:
775 2723 947 2805 Θεόγνιδος
961 2724 1110 2806 ἐλεγείων
1125 2723 1147 2788 d
1160 2744 1291 2806 respou-

170 2815 254 2890 deat,
274 2813 416 2878 dubitari
439 2833 504 2878 non
525 2819 642 2896 potest,
662 2819 782 2880 certam
798 2815 958 2894 quandam
975 2814 1077 2896 priori
1096 2833 1166 2880 cum
1186 2814 1291 2880 altera

170 2900 358 2966 collectione
381 2902 537 2967 rationem
562 2903 763 2968 intercedere
785 2903 820 2967 in
839 2908 952 2983 aperto
971 2909 1030 2968 111.
1062 2904 1178 2982 Itaque
1197 2922 1291 2983 quae·

170 2989 304 3054 rendum
328 2995 391 3069 est,
420 2992 574 3069 quomodo
598 2990 719 3056 factum
743 2990 800 3069 sit,
824 2995 861 3055 nt
883 2992 945 3056 hae
969 2992 1051 3055 duae
1075 2990 1290 3068 collectiones

171 3077 285 3157 quibus
314 3078 457 3143 carmina
490 3078 701 3146 diversissimi
733 3083 997 3161 argumentorum
1029 3079 1158 3162 generis
1191 3079 1291 3145 conti·

170 3171 297 3246 nentur,
322 3173 584 3250 congererentur.
616 3167 696 3232 Cum
719 3186 795 3234 vero
819 3168 908 3234 nulla
932 3171 1062 3233 exstent
1085 3173 1176 3234 certa
1194 3172 1292 3248 atque

170 3261 286 3335 aperta
308 3260 456 3322 veterum
480 3255 673 3337 scriptorum
700 3255 898 3336 testimonia,
927 3256 1042 3337 quibus
1069 3256 1176 3336 aliquo
1200 3258 1291 3322 modo

170 3343 227 3407 lux
250 3345 352 3424 possit
376 3346 487 3428 spargi
510 3345 655 3410 inillam
680 3345 908 3426 quaestionem,
931 3346 980 3411 ita
1003 3351 1129 3412 tantum
1149 3365 1218 3411 eam
1237 3347 1292 3412 ab·

171 3430 255 3496 solvi
277 3451 370 3512 posse
394 3439 543 3515 apparet,
576 3439 613 3498 ut
644 3434 800 3499 interiore
833 3436 969 3515 quodam
1001 3435 1093 3500 modo
1121 3441 1291 3514 utramque

171 3519 391 3586 collectionem
424 3523 598 3589 cohaerere
630 3522 867 3604 comprobetur,
900 3543 964 3604 qua
996 3542 1036 3587 11
1068 3541 1104 3588 11
1136 3524 1291 3603 quomodo

171 3609 315 3674 exterior
338 3609 392 3674 ille
416 3630 578 3677 connexus
601 3611 812 3693 explicandus
840 3611 896 3691 sit,
924 3610 1073 3692 intellegi
1100 3629 1195 3693 posse
1222 3611 1292 3677 veri
1394 3637 1398 3645 ·

172 3696 274 3763 simile
296 3703 355 3764 est.
389 3699 498 3780 Neque
521 3719 598 3767 vero
623 3699 766 3765 dubitari
788 3703 896 3781 potest
919 3719 1021 3779 neque
1044 3707 1122 3781 puto
1141 3699 1292 3772 dubitari,

172 3784 248 3865 quin
262 3785 398 3853 interior
407 3788 565 3869 quaedam
575 3789 661 3854 ratio
672 3787 843 3870 appendici
853 3808 923 3853 cum
934 3788 1122 3854 collectione
1132 3789 1292 3872 Theogni-

172 3874 232 3938 dea
255 3874 449 3957 intercedat,
481 3879 538 3942 sed
561 3879 716 3959 quomodo
745 3897 784 3943 ea
811 3877 855 3941 sit
883 3876 1090 3959 explicanda,
1121 3878 1161 3942 de
1189 3895 1239 3943 ea.
1257 3898 1293 3942 re

171 3961 313 4028 homines
337 3966 424 4032 docti
447 3966 586 4033 nondum
606 3966 820 4034 consentiunt.

259 4051 390 4120 Initium
419 4055 504 4120 facio
527 4076 548 4121 a
569 4054 825 4138 repetitionibus,
849 4073 930 4134 quas
952 4054 987 4120 in
1010 4054 1170 4135 eisrquae
1192 4073 1292 4136 supra

170 4140 349 4222 disputavi,
378 4143 569 4225 compluries
599 4146 665 4228 jam
693 4143 961 4210 commemoravi·
993 4142 1164 4226 Laguatan
1191 4142 1294 4226 igitur

1043 4249 1060 4300 3
1066 4251 1080 4284 *
