3114 4658
702 252 923 315 ..22-

253 431 295 496 ad
319 436 539 536 προσέκυρσος
563 427 601 493 cf.
624 428 701 492 Hes.
714 427 847 535 'I'.heog
873 428 950 492 198:

387 512 470 601 ἀτὰρ
495 510 731 602 Κυθέρειαν,“”
715 541 731 580 ο
755 541 787 582 τι
810 524 1009 603 προσέκυρσε
1034 517 1208 605 Κυθήροις.

341 604 469 672 Deinde
492 604 535 670 ad
557 624 609 672 vv.
635 604 731 684 1363,
755 605 788 668 4:
813 607 855 671 ad
901 605 1134 715 δηλήσομαιν.
1160 607 1238 672 793:

387 690 487 780 Μήτί
507 717 582 758 ιυνα
606 697 719 768 ξείνων
742 685 983 780 δηλούμενος
965 714 1100 780 εργμοισι
1124 697 1257 781 λυγροῖς.

255 783 298 851 ad
322 779 398 850 οὐδέ
418 803 461 864 με
485 787 609 855 πείσεις
631 801 661 849 v
686 782 763 848 8391

388 869 513 938 τούτων
537 866 569 936 δ’
594 867 635 936 ο1ν
658 867 696 937 τὸ
719 878 819 954 μέσον
843 870 1085 959 σνρωφήσομυι,
1110 869 1186 939 ουδέ

1014 983 1056 1043 με
1081 969 1205 1037 πείσεις
1229 972 1288 1030 eto.

255 1050 298 1115 ad
320 1068 377 1114 sen
378 1048 513 1114 tentiam
538 1048 613 1114 inde
637 1069 657 1114 a
680 1049 789 1115 verbis
812 1045 888 1114 edla
913 1073 955 1134 με
978 1056 1102 1123 πείσεις
1125 1071 1155 1118 u.
1181 1053 1257 1118 101:

387 1135 564 1224 Μηδείςσ
590 1134 778 1246 ἀνθρώπων
801 1144 900 1246 πείσῃ
923 1137 1024 1204 κακὸν
1048 1135 1149 1242 ἄνδρα
1174 1143 1316 1229 φιλῆσαι.

254 1231 396 1292 ceterum
425 1226 467 1292 ad
490 1226 661 1292 verborum
685 1222 792 1299 οὐδεὶς
815 1222 1004 1336 despuimus
1032 1228 1222 1335 positiqnem
1246 1253 1276 1298 v.
1300 1232 1380 1296 902:

388 1312 547 1387 οὖδε1ςδ
573 1311 761 1402 ἀνθρώπων
785 1313 881 1389 αυτὸς
905 1311 1039 1383 ἅπαντα
1063 1316 1169 1401 σοφός.

252 1423 283 1470 ν.
307 1405 386 1470 990.

391 1494 503 1581 andeis
527 1489 716 1579 ἀνθρώπων
739 1499 803 1581 γνῷ
827 1512 862 1559 σε
887 1494 1121 1580 βαρυνόμενον.

255 1602 284 1650 V.
310 1583 389 1646 973:

392 1668 504 1742 Οὐδεὶς
528 1668 724 1755 ἀνθρώπων,
750 1667 786 1733 ὃν
809 1665 913 1751 πρῶτ’
938 1668 994 1734 ἐπὶ
1018 1679 1092 1749 γαῖα
1116 1669 1249 1758 καλύψῃ
1274 1679 1334 1738 etc.

254 1758 293 1824 ct.
316 1778 368 1824 vv.
395 1759 468 1836 159,
492 1760 547 1822 60:
1368 1803 1370 1806 .

635 1860 639 1866 ·
1012 1814 1078 1887 οίδε
1102 1818 1161 1908 γὰρ
1185 1818 1289 1895 οὐδείς

390 1903 620 1996 ἅνθρώπωυ“’
603 1933 620 1972 o
643 1932 676 1972 τι
699 1905 758 1982 νύξ
780 1903 905 2009 χὴμέρη
931 1902 1023 1995 ἀνδρὶ
1046 1913 1142 1976 τελεῖ.

255 1991 337 2062 ὥστε
361 1997 472 2062 eodem
494 2015 608 2064 versus
632 1997 702 2062 loco
725 1996 945 2105 invoniturv.
971 2000 1048 2063 114:

389 2081 459 2149 dii
485 2085 550 2151 αἰεὶ
574 2108 708 2176 φευγεον
732 2080 812 2150 ὥστε
836 2082 937 2149 κακὸν
961 2089 1086 2169 λιμενοι.

254 2172 293 2239 cf.
316 2193 369 2242 vv.
391 2173 466 2253 413
490 2174 523 2237 4:

1042 2233 1119 2302 οὐδέ
1138 2261 1180 2319 με
1205 2231 1290 2311 οἶνος

391 2321 546 2406 deducas
530 2319 603 2389 cios
627 2324 736 2391 εἰπεῖν
759 2321 866 2391 δεινὸν
890 2324 969 2398 ἔπος
991 2329 1070 2411 περὶ
1093 2330 1159 2391 σοῦ.

295 2420 297 2426 ’
345 2413 494 2479 Ceterum
514 2413 663 2494 Renuen,
683 2433 708 2480 c.
724 2415 744 2480 l.
763 2435 816 2497 pg.
831 2415 874 2478 36
895 2415 1004 2480 docuit
1023 2411 1099 2480 οὐδὲ
1114 2437 1157 2497 με
1177 2422 1301 2488 πείσεις
1320 2416 1378 2500 (ει)

254 2501 288 2567 in
310 2501 374 2566 fine
397 2502 578 2567 hexametri
601 2503 688 2585 apud
710 2504 886 2568 Homerum
910 2503 1011 2568 octies
1034 2504 1183 2570 inveniri.

344 2591 381 2656 V.
409 2589 517 2655 1365*
541 2589 655 2656 similis
678 2597 729 2656 est
751 2611 780 2658 v.
807 2591 905 2655 1117:

391 2681 530 2757 Πλοῦτε,
554 2683 645 2744 θεῶν
668 2677 819 2746 κάλλιστε
844 2682 899 2744 κα1
922 2680 1132 2766 ἱμεροέστατε
1154 2680 1297 2747 πάντων.

345 2769 404 2834 Vv.
435 2768 530 2846 1367,
564 2768 606 2832 68
641 2773 674 2832 et
708 2768 884 2832 1369-72
917 2774 993 2834 sunt
1028 2769 1090 2834 duo
1123 2775 1262 2852 γνῶμαι,
1296 2790 1378 2851 quae

345 2929 359 2962 *
378 2927 477 2982 Mirum
495 2926 524 2980 in
543 2927 650 2980 modum
670 2931 734 2980 ante
752 2942 851 2995 paucos
876 2943 959 2980 annos
981 2926 1010 2980 in
1030 2928 1159 2995 sepulcris
1178 2926 1321 2998 Tanagrae
1339 2929 1378 2982 iu-

255 3021 367 3071 ventum
387 3021 429 3070 est
447 3015 586 3070 vasculum
604 3015 696 3081 fictile,
715 3016 744 3069 in
763 3032 814 3084 quo
834 3014 1010 3083 conspicimus
1028 3015 1171 3081 hominem,
1190 3017 1267 3086 cujus
1282 3033 1315 3071 ex
1334 3034 1378 3072 ore

256 3105 371 3159 veniunt
393 3105 488 3159 verba:
518 3093 663 3157 ὦποίδων
686 3098 816 3157 κάλλιπε.
854 3104 912 3171 Qua
936 3119 969 3158 ex
986 3120 1015 3158 re
1038 3104 1094 3158 Ulr.
1119 3103 1222 3158 thler
1240 3120 1262 3159 o.
1281 3106 1299 3159 l.
1319 3119 1378 3158 con·

252 3192 321 3274 jpoit
340 3191 455 3246 disticho
474 3192 629 3260 appendicis
653 3207 726 3258 eum,
749 3192 795 3260 qui
813 3193 952 3246 vasculum
971 3191 1106 3256 finxisset,
1131 3199 1292 3247 commotum
1311 3209 1377 3259 esse,

256 3285 289 3333 ut
307 3295 366 3334 eam
384 3295 441 3334 rem
459 3279 620 3335 illustraret.
648 3280 715 3334 (lum
733 3295 796 3336 vero
814 3280 882 3334 illud
900 3280 980 3334 initio
999 3281 1101 3335 saeculi
1119 3281 1207 3348 quinti
1228 3299 1252 3336 a.
1271 3283 1332 3336 Chr.
1351 3299 1378 3336 n.

257 3370 361 3424 factum
385 3384 443 3424 esse
465 3368 615 3436 videretur,
645 3369 728 3424 etiam
746 3387 791 3424 vv.
812 3368 894 3435 1365,
914 3371 930 3423 6
954 3385 985 3425 eo
1009 3377 1130 3437 tempore
1154 3371 1212 3439 jam
1239 3370 1378 3426 exstitisse

257 3457 336 3513 effici.
373 3457 425 3512 Sed
444 3473 476 3511 ex
496 3456 673 3514 similitudine
692 3475 718 3512 v.
738 3459 807 3512 1365
827 3464 898 3513 etv.
919 3459 988 3514 1117
1008 3458 1130 3514 concludi
1152 3473 1261 3514 necesse
1284 3465 1327 3513 cst
1345 3459 1378 3512 de

256 3565 300 3601 vv.
321 3547 400 3614 1365,
419 3548 435 3600 6
455 3547 547 3600 eodem
566 3547 643 3600 modo
663 3563 720 3602 csse
736 3546 910 3616 judicandum
930 3553 1012 3615 atque
1031 3549 1063 3602 de
1082 3548 1203 3602 omnibus
1222 3547 1379 3615 appendicis

256 3635 413 3703 poematiis,
440 3634 552 3703 ideoque
579 3634 646 3690 mihi
673 3636 740 3690 haec
768 3636 923 3705 conjectura
951 3636 1066 3691 hominis
1094 3635 1243 3690 doctissimi
1271 3635 1379 3690 videtur

255 3723 402 3792 rejicienda
420 3740 486 3778 esse.
523 3725 620 3779 Potest
639 3726 760 3792 exemplo
778 3723 862 3780 luisse
881 3725 979 3780 artifici
1003 3725 1071 3779 alius
1094 3731 1190 3792 poetae
1210 3723 1377 3791 antiquioris,

256 3811 408 3865 Mimnermi
435 3812 564 3880 fortasse,
592 3808 700 3868 carmen
728 3812 848 3880 aliquod,
878 3815 948 3881 quod
976 3814 1059 3868 etiam
1089 3818 1225 3867 auctorem
1252 3827 1378 3868 uersuum

258 3900 412 3969 appendicis
430 3900 537 3956 novisse
554 3908 584 3956 et
602 3903 631 3956 in
650 3908 740 3957 mente
759 3902 885 3957 habuisse
904 3919 936 3957 ca
956 3917 988 3957 ex
1006 3918 1049 3970 rc,
1073 3902 1143 3969 quod
1165 3902 1267 3970 pluries
1285 3918 1378 3956 versus

257 3988 440 4057 antiquiorum
459 3995 600 4058 poetarum
618 3992 807 4061 elegiaoorum
826 3995 857 4044 ut
867 3991 970 4046 Solonis
980 3991 1139 4058 Mimnermi,
1158 3993 1186 4046 in
1205 4007 1282 4045 usum
1302 4007 1377 4044 suum

258 4077 431 4147 converterit,
450 4084 525 4134 recte
543 4079 677 4148 conjicias.
698 4111 731 4120 —
