<?xml version="1.0" encoding="UTF-8"?>
<!DOCTYPE html PUBLIC "-//W3C//DTD XHTML 1.0 Transitional//EN"
    "http://www.w3.org/TR/xhtml1/DTD/xhtml1-transitional.dtd">
<html xmlns="http://www.w3.org/1999/xhtml" xml:lang="en" lang="en">
 <head>
  <title>
</title>
<meta http-equiv="Content-Type" content="text/html;charset=utf-8" />
  <meta name='ocr-system' content='tesseract 3.04.00' />
  <meta name='ocr-capabilities' content='ocr_page ocr_carea ocr_par ocr_line ocrx_word'/>
</head>
<body>
  <div class='ocr_page' id='page_1' title='image "./quaestionestheo00corsgoog_0045.png"; bbox 0 0 3114 4658; ppageno 0'>
   <div class='ocr_carea' id='block_1_1' title="bbox 678 337 897 400">
    <p class='ocr_par' dir='ltr' id='par_1_1' title="bbox 678 337 897 400">
     <span class='ocr_line' id='line_1_1' title="bbox 678 337 897 400; baseline -0.009 -18"><span class='ocrx_word' id='word_1_1' title='bbox 678 337 897 400; x_wconf 71' lang='grc'><strong>-40-</strong></span> 
     </span>
    </p>
   </div>
   <div class='ocr_carea' id='block_1_2' title="bbox 221 511 1375 2372">
    <p class='ocr_par' dir='ltr' id='par_1_2' title="bbox 221 511 1375 2372">
     <span class='ocr_line' id='line_1_2' title="bbox 228 511 1354 596; baseline -0.003 -17"><span class='ocrx_word' id='word_1_2' title='bbox 228 515 391 582; x_wconf 88' lang='lat' dir='ltr'>conditum</span> <span class='ocrx_word' id='word_1_3' title='bbox 410 533 468 596; x_wconf 92' lang='lat' dir='ltr'>pre</span> <span class='ocrx_word' id='word_1_4' title='bbox 488 513 622 595; x_wconf 88' lang='lat' dir='ltr'>peredia</span> <span class='ocrx_word' id='word_1_5' title='bbox 640 514 800 579; x_wconf 88' lang='lat' dir='ltr'>habeatur</span> <span class='ocrx_word' id='word_1_6' title='bbox 818 513 953 579; x_wconf 90' lang='lat' dir='ltr'>istorum</span> <span class='ocrx_word' id='word_1_7' title='bbox 977 531 1137 592; x_wconf 86' lang='lat' dir='ltr'>versuum,</span> <span class='ocrx_word' id='word_1_8' title='bbox 1161 511 1354 593; x_wconf 81' lang='lat' dir='ltr'><strong>quibuscum</strong></span> 
     </span>
     <span class='ocr_line' id='line_1_3' title="bbox 226 599 1353 683; baseline -0.003 -15"><span class='ocrx_word' id='word_1_9' title='bbox 226 603 308 668; x_wconf 88' lang='lat' dir='ltr'>nihil</span> <span class='ocrx_word' id='word_1_10' title='bbox 336 603 365 669; x_wconf 89' lang='lat' dir='ltr'>ei</span> <span class='ocrx_word' id='word_1_11' title='bbox 393 622 557 670; x_wconf 91' lang='lat' dir='ltr'>commune</span> <span class='ocrx_word' id='word_1_12' title='bbox 586 606 649 682; x_wconf 89' lang='lat' dir='ltr'>est,</span> <span class='ocrx_word' id='word_1_13' title='bbox 677 601 742 667; x_wconf 89' lang='lat' dir='ltr'>nisi</span> <span class='ocrx_word' id='word_1_14' title='bbox 770 603 841 682; x_wconf 90' lang='lat' dir='ltr'>quis</span> <span class='ocrx_word' id='word_1_15' title='bbox 868 602 954 668; x_wconf 84' lang='lat' dir='ltr'>ferte</span> <span class='ocrx_word' id='word_1_16' title='bbox 983 601 1016 666; x_wconf 94' lang='lat' dir='ltr'>id</span> <span class='ocrx_word' id='word_1_17' title='bbox 1045 601 1171 683; x_wconf 90' lang='lat' dir='ltr'>signum</span> <span class='ocrx_word' id='word_1_18' title='bbox 1194 599 1353 682; x_wconf 88' lang='lat' dir='ltr'>perediae</span> 
     </span>
     <span class='ocr_line' id='line_1_4' title="bbox 226 689 1353 773; baseline -0.004 -16"><span class='ocrx_word' id='word_1_19' title='bbox 226 711 297 758; x_wconf 89' lang='lat' dir='ltr'>esse</span> <span class='ocrx_word' id='word_1_20' title='bbox 321 696 440 772; x_wconf 87' lang='lat' dir='ltr'>censet,</span> <span class='ocrx_word' id='word_1_21' title='bbox 464 693 550 772; x_wconf 86' lang='lat' dir='ltr'>qued</span> <span class='ocrx_word' id='word_1_22' title='bbox 573 691 663 758; x_wconf 91' lang='lat' dir='ltr'>etin</span> <span class='ocrx_word' id='word_1_23' title='bbox 686 692 828 757; x_wconf 82' lang='lat' dir='ltr'><strong>carmine</strong></span> <span class='ocrx_word' id='word_1_24' title='bbox 851 690 1038 773; x_wconf 87' lang='lat' dir='ltr'>appendicis</span> <span class='ocrx_word' id='word_1_25' title='bbox 1057 695 1091 755; x_wconf 91' lang='lat' dir='ltr'>et</span> <span class='ocrx_word' id='word_1_26' title='bbox 1109 689 1144 754; x_wconf 90' lang='lat' dir='ltr'>in</span> <span class='ocrx_word' id='word_1_27' title='bbox 1161 689 1353 756; x_wconf 71' lang='grc'><strong>1111111111-</strong></span> 
     </span>
     <span class='ocr_line' id='line_1_5' title="bbox 227 777 1354 864; baseline -0.004 -18"><span class='ocrx_word' id='word_1_28' title='bbox 227 780 335 863; x_wconf 87' lang='lat' dir='ltr'>gnidis</span> <span class='ocrx_word' id='word_1_29' title='bbox 358 781 507 848; x_wconf 87' lang='lat' dir='ltr'>versibus</span> <span class='ocrx_word' id='word_1_30' title='bbox 530 783 662 864; x_wconf 88' lang='lat' dir='ltr'>legetur</span> <span class='ocrx_word' id='word_1_31' title='bbox 684 780 787 846; x_wconf 85' lang='lat' dir='ltr'>ferma</span> <span class='ocrx_word' id='word_1_32' title='bbox 810 779 901 847; x_wconf 79' lang='lat' dir='ltr'>verbi</span> <span class='ocrx_word' id='word_1_33' title='bbox 925 777 1051 862; x_wconf 81' lang='grc' dir='ltr'><em>ὄλλυμι.</em></span> <span class='ocrx_word' id='word_1_34' title='bbox 1099 778 1191 861; x_wconf 78' lang='lat' dir='ltr'>Quod</span> <span class='ocrx_word' id='word_1_35' title='bbox 1218 778 1247 842; x_wconf 92' lang='lat' dir='ltr'>si</span> <span class='ocrx_word' id='word_1_36' title='bbox 1269 777 1354 843; x_wconf 86' lang='lat' dir='ltr'>iecit</span> 
     </span>
     <span class='ocr_line' id='line_1_6' title="bbox 224 867 1353 953; baseline -0.004 -17"><span class='ocrx_word' id='word_1_37' title='bbox 224 889 290 936; x_wconf 85' lang='lat' dir='ltr'>van</span> <span class='ocrx_word' id='word_1_38' title='bbox 312 871 371 936; x_wconf 91' lang='lat' dir='ltr'>der</span> <span class='ocrx_word' id='word_1_39' title='bbox 389 871 484 953; x_wconf 80' lang='lat' dir='ltr'>Moy,</span> <span class='ocrx_word' id='word_1_40' title='bbox 507 870 619 936; x_wconf 92' lang='lat' dir='ltr'>debuit</span> <span class='ocrx_word' id='word_1_41' title='bbox 642 869 757 934; x_wconf 89' lang='lat' dir='ltr'>saltem</span> <span class='ocrx_word' id='word_1_42' title='bbox 781 869 898 935; x_wconf 86' lang='lat' dir='ltr'>efferre</span> <span class='ocrx_word' id='word_1_43' title='bbox 916 868 1080 950; x_wconf 87' lang='lat' dir='ltr'>cemplme</span> <span class='ocrx_word' id='word_1_44' title='bbox 1103 867 1169 934; x_wconf 92' lang='lat' dir='ltr'>elie</span> <span class='ocrx_word' id='word_1_45' title='bbox 1187 867 1353 949; x_wconf 84' lang='lat' dir='ltr'>Theogni-</span> 
     </span>
     <span class='ocr_line' id='line_1_7' title="bbox 224 956 1353 1041; baseline -0.003 -19"><span class='ocrx_word' id='word_1_46' title='bbox 224 959 355 1024; x_wconf 91' lang='lat' dir='ltr'>deorum</span> <span class='ocrx_word' id='word_1_47' title='bbox 373 957 568 1041; x_wconf 83' lang='lat' dir='ltr'>fragmenta,</span> <span class='ocrx_word' id='word_1_48' title='bbox 587 957 703 1041; x_wconf 87' lang='lat' dir='ltr'>quibus</span> <span class='ocrx_word' id='word_1_49' title='bbox 717 957 832 1023; x_wconf 92' lang='lat' dir='ltr'>deinde</span> <span class='ocrx_word' id='word_1_50' title='bbox 846 961 1011 1024; x_wconf 87' lang='lat' dir='ltr'>sescentos</span> <span class='ocrx_word' id='word_1_51' title='bbox 1026 956 1162 1022; x_wconf 91' lang='lat' dir='ltr'>alierum</span> <span class='ocrx_word' id='word_1_52' title='bbox 1179 961 1353 1038; x_wconf 85' lang='lat' dir='ltr'>poetarum</span> 
     </span>
     <span class='ocr_line' id='line_1_8' title="bbox 224 1044 1354 1130; baseline -0.005 -16"><span class='ocrx_word' id='word_1_53' title='bbox 224 1066 339 1114; x_wconf 86' lang='lat' dir='ltr'>versus</span> <span class='ocrx_word' id='word_1_54' title='bbox 367 1049 488 1114; x_wconf 80' lang='lat' dir='ltr'>addere</span> <span class='ocrx_word' id='word_1_55' title='bbox 515 1053 653 1130; x_wconf 87' lang='lat' dir='ltr'>peteret.</span> <span class='ocrx_word' id='word_1_56' title='bbox 699 1047 850 1126; x_wconf 77' lang='lat' dir='ltr'>Accedit,</span> <span class='ocrx_word' id='word_1_57' title='bbox 878 1047 963 1127; x_wconf 89' lang='lat' dir='ltr'>qued</span> <span class='ocrx_word' id='word_1_58' title='bbox 989 1045 1079 1111; x_wconf 92' lang='lat' dir='ltr'>lecus</span> <span class='ocrx_word' id='word_1_59' title='bbox 1106 1046 1161 1111; x_wconf 91' lang='lat' dir='ltr'>ille</span> <span class='ocrx_word' id='word_1_60' title='bbox 1184 1044 1354 1126; x_wconf 88' lang='lat' dir='ltr'>Apollonii</span> 
     </span>
     <span class='ocr_line' id='line_1_9' title="bbox 224 1134 1353 1218; baseline 0.001 -20"><span class='ocrx_word' id='word_1_61' title='bbox 224 1136 532 1218; x_wconf 79' lang='lat' dir='ltr'>Argonautieerum</span> <span class='ocrx_word' id='word_1_62' title='bbox 570 1155 663 1217; x_wconf 92' lang='lat' dir='ltr'>quem</span> <span class='ocrx_word' id='word_1_63' title='bbox 701 1155 800 1217; x_wconf 89' lang='lat' dir='ltr'>supra</span> <span class='ocrx_word' id='word_1_64' title='bbox 835 1136 878 1201; x_wconf 90' lang='lat' dir='ltr'>ad</span> <span class='ocrx_word' id='word_1_65' title='bbox 910 1154 963 1202; x_wconf 80' lang='lat' dir='ltr'>vv.</span> <span class='ocrx_word' id='word_1_66' title='bbox 998 1134 1152 1200; x_wconf 82' lang='grc'><strong>1231-4</strong></span> <span class='ocrx_word' id='word_1_67' title='bbox 1184 1134 1353 1212; x_wconf 84' lang='lat' dir='ltr'>adnotavi,</span> 
     </span>
     <span class='ocr_line' id='line_1_10' title="bbox 223 1221 1352 1306; baseline -0.001 -19"><span class='ocrx_word' id='word_1_68' title='bbox 223 1224 416 1291; x_wconf 90' lang='lat' dir='ltr'>mirabiliter</span> <span class='ocrx_word' id='word_1_69' title='bbox 438 1224 552 1290; x_wconf 89' lang='lat' dir='ltr'>similis</span> <span class='ocrx_word' id='word_1_70' title='bbox 577 1230 627 1292; x_wconf 88' lang='lat' dir='ltr'>est</span> <span class='ocrx_word' id='word_1_71' title='bbox 652 1223 802 1291; x_wconf 91' lang='lat' dir='ltr'>carminis</span> <span class='ocrx_word' id='word_1_72' title='bbox 827 1221 1024 1306; x_wconf 91' lang='lat' dir='ltr'>appendicis.</span> <span class='ocrx_word' id='word_1_73' title='bbox 1060 1225 1114 1289; x_wconf 91' lang='lat' dir='ltr'>An</span> <span class='ocrx_word' id='word_1_74' title='bbox 1133 1242 1204 1288; x_wconf 93' lang='lat' dir='ltr'>eum</span> <span class='ocrx_word' id='word_1_75' title='bbox 1223 1241 1352 1302; x_wconf 89' lang='lat' dir='ltr'>queque</span> 
     </span>
     <span class='ocr_line' id='line_1_11' title="bbox 223 1311 1350 1397; baseline -0.003 -19"><span class='ocrx_word' id='word_1_76' title='bbox 223 1327 286 1378; x_wconf 85' lang='lat' dir='ltr'>van</span> <span class='ocrx_word' id='word_1_77' title='bbox 315 1315 373 1379; x_wconf 93' lang='lat' dir='ltr'>der</span> <span class='ocrx_word' id='word_1_78' title='bbox 396 1315 526 1397; x_wconf 87' lang='lat' dir='ltr'>Meyus,</span> <span class='ocrx_word' id='word_1_79' title='bbox 554 1313 581 1379; x_wconf 93' lang='lat' dir='ltr'>si</span> <span class='ocrx_word' id='word_1_80' title='bbox 605 1313 762 1393; x_wconf 86' lang='lat' dir='ltr'>nevisset,</span> <span class='ocrx_word' id='word_1_81' title='bbox 795 1332 854 1395; x_wconf 93' lang='lat' dir='ltr'>pro</span> <span class='ocrx_word' id='word_1_82' title='bbox 886 1311 1021 1394; x_wconf 89' lang='lat' dir='ltr'>paredia</span> <span class='ocrx_word' id='word_1_83' title='bbox 1048 1311 1236 1378; x_wconf 76' lang='lat' dir='ltr'>habuisset?</span> <span class='ocrx_word' id='word_1_84' title='bbox 1283 1311 1350 1376; x_wconf 83' lang='lat' dir='ltr'>Sed</span> 
     </span>
     <span class='ocr_line' id='line_1_12' title="bbox 225 1400 1350 1482; baseline -0.002 -16"><span class='ocrx_word' id='word_1_85' title='bbox 225 1403 268 1467; x_wconf 90' lang='lat' dir='ltr'>ad</span> <span class='ocrx_word' id='word_1_86' title='bbox 295 1403 361 1468; x_wconf 91' lang='lat' dir='ltr'>elie</span> <span class='ocrx_word' id='word_1_87' title='bbox 389 1408 523 1468; x_wconf 84' lang='lat' dir='ltr'>trenaee</span> <span class='ocrx_word' id='word_1_88' title='bbox 550 1402 758 1468; x_wconf 82' lang='lat' dir='ltr'>mirabiliora.</span> <span class='ocrx_word' id='word_1_89' title='bbox 804 1401 1067 1468; x_wconf 75' lang='grc'><strong>711327-30</strong></span> <span class='ocrx_word' id='word_1_90' title='bbox 1094 1420 1158 1468; x_wconf 88' lang='lat' dir='ltr'>vau</span> <span class='ocrx_word' id='word_1_91' title='bbox 1182 1401 1240 1465; x_wconf 93' lang='lat' dir='ltr'>der</span> <span class='ocrx_word' id='word_1_92' title='bbox 1262 1400 1350 1482; x_wconf 81' lang='lat' dir='ltr'>Mey.</span> 
     </span>
     <span class='ocr_line' id='line_1_13' title="bbox 224 1489 1351 1573; baseline -0.001 -20"><span class='ocrx_word' id='word_1_93' title='bbox 224 1494 319 1571; x_wconf 90' lang='lat' dir='ltr'>putet</span> <span class='ocrx_word' id='word_1_94' title='bbox 341 1491 508 1573; x_wconf 83' lang='lat' dir='ltr'>perediam</span> <span class='ocrx_word' id='word_1_95' title='bbox 537 1510 608 1557; x_wconf 90' lang='lat' dir='ltr'>esse</span> <span class='ocrx_word' id='word_1_96' title='bbox 636 1509 787 1558; x_wconf 86' lang='lat' dir='ltr'>versuum</span> <span class='ocrx_word' id='word_1_97' title='bbox 813 1492 956 1570; x_wconf 85' lang='grc'><strong>11-14,</strong></span> <span class='ocrx_word' id='word_1_98' title='bbox 988 1496 1122 1573; x_wconf 90' lang='lat' dir='ltr'>prepter</span> <span class='ocrx_word' id='word_1_99' title='bbox 1150 1489 1219 1554; x_wconf 90' lang='lat' dir='ltr'>sola</span> <span class='ocrx_word' id='word_1_100' title='bbox 1246 1490 1351 1556; x_wconf 86' lang='lat' dir='ltr'>verba</span> 
     </span>
     <span class='ocr_line' id='line_1_14' title="bbox 223 1576 1350 1662; baseline 0 -20"><span class='ocrx_word' id='word_1_101' title='bbox 223 1579 311 1644; x_wconf 88' lang='lat' dir='ltr'>iuter</span> <span class='ocrx_word' id='word_1_102' title='bbox 337 1599 372 1645; x_wconf 92' lang='lat' dir='ltr'>se</span> <span class='ocrx_word' id='word_1_103' title='bbox 401 1579 568 1646; x_wconf 87' lang='lat' dir='ltr'>contraria</span> <span class='ocrx_word' id='word_1_104' title='bbox 596 1586 651 1646; x_wconf 85' lang='grc' dir='ltr'>σοί</span> <span class='ocrx_word' id='word_1_105' title='bbox 676 1584 710 1646; x_wconf 89' lang='grc'>11</span> <span class='ocrx_word' id='word_1_106' title='bbox 738 1578 825 1662; x_wconf 78' lang='grc' dir='ltr'><strong><em>ἐμοί,</em></strong></span> <span class='ocrx_word' id='word_1_107' title='bbox 857 1578 1227 1661; x_wconf 79' lang='lat' dir='ltr'>queeetinv.1329</span> <span class='ocrx_word' id='word_1_108' title='bbox 1256 1576 1350 1642; x_wconf 92' lang='lat' dir='ltr'>etin</span> 
     </span>
     <span class='ocr_line' id='line_1_15' title="bbox 222 1665 1348 1751; baseline -0.002 -19"><span class='ocrx_word' id='word_1_109' title='bbox 222 1688 251 1732; x_wconf 88' lang='lat' dir='ltr'>v.</span> <span class='ocrx_word' id='word_1_110' title='bbox 279 1670 320 1734; x_wconf 75' lang='lat'>14</span> <span class='ocrx_word' id='word_1_111' title='bbox 342 1669 509 1751; x_wconf 72' lang='lat' dir='ltr'>leguntur,</span> <span class='ocrx_word' id='word_1_112' title='bbox 537 1670 595 1734; x_wconf 89' lang='lat' dir='ltr'>sed</span> <span class='ocrx_word' id='word_1_113' title='bbox 624 1668 752 1734; x_wconf 91' lang='lat' dir='ltr'>etiamsi</span> <span class='ocrx_word' id='word_1_114' title='bbox 780 1669 849 1750; x_wconf 79' lang='lat' dir='ltr'>eJus</span> <span class='ocrx_word' id='word_1_115' title='bbox 877 1668 1071 1733; x_wconf 88' lang='lat' dir='ltr'>sententiam</span> <span class='ocrx_word' id='word_1_116' title='bbox 1098 1667 1133 1733; x_wconf 93' lang='lat' dir='ltr'>in</span> <span class='ocrx_word' id='word_1_117' title='bbox 1160 1665 1348 1733; x_wconf 86' lang='lat' dir='ltr'>universum</span> 
     </span>
     <span class='ocr_line' id='line_1_16' title="bbox 224 1753 1350 1838; baseline 0 -18"><span class='ocrx_word' id='word_1_118' title='bbox 224 1773 295 1820; x_wconf 90' lang='lat' dir='ltr'>esse</span> <span class='ocrx_word' id='word_1_119' title='bbox 318 1763 441 1822; x_wconf 89' lang='lat' dir='ltr'>rectem</span> <span class='ocrx_word' id='word_1_120' title='bbox 464 1759 684 1833; x_wconf 81' lang='lat' dir='ltr'>concederem,</span> <span class='ocrx_word' id='word_1_121' title='bbox 712 1762 821 1821; x_wconf 89' lang='lat' dir='ltr'>tamen</span> <span class='ocrx_word' id='word_1_122' title='bbox 848 1775 889 1821; x_wconf 93' lang='lat' dir='ltr'>ne</span> <span class='ocrx_word' id='word_1_123' title='bbox 917 1775 972 1822; x_wconf 92' lang='lat' dir='ltr'>ees</span> <span class='ocrx_word' id='word_1_124' title='bbox 995 1756 1121 1838; x_wconf 88' lang='lat' dir='ltr'>quidem</span> <span class='ocrx_word' id='word_1_125' title='bbox 1146 1753 1350 1820; x_wconf 79' lang='lat' dir='ltr'>collectionis</span> 
     </span>
     <span class='ocr_line' id='line_1_17' title="bbox 222 1843 1349 1926; baseline 0.001 -19"><span class='ocrx_word' id='word_1_126' title='bbox 222 1844 452 1924; x_wconf 66' lang='lat' dir='ltr'>&#39;liheegnideee</span> <span class='ocrx_word' id='word_1_127' title='bbox 470 1845 558 1910; x_wconf 89' lang='lat' dir='ltr'>loces</span> <span class='ocrx_word' id='word_1_128' title='bbox 571 1844 736 1911; x_wconf 90' lang='lat' dir='ltr'>invenisse</span> <span class='ocrx_word' id='word_1_129' title='bbox 750 1843 828 1910; x_wconf 88' lang='lat' dir='ltr'>mihi</span> <span class='ocrx_word' id='word_1_130' title='bbox 842 1845 1018 1924; x_wconf 89' lang='lat' dir='ltr'>videretur,</span> <span class='ocrx_word' id='word_1_131' title='bbox 1038 1862 1172 1924; x_wconf 91' lang='lat' dir='ltr'>querum</span> <span class='ocrx_word' id='word_1_132' title='bbox 1190 1843 1349 1926; x_wconf 82' lang='lat' dir='ltr'>perediae</span> 
     </span>
     <span class='ocr_line' id='line_1_18' title="bbox 221 1931 1348 2016; baseline -0.002 -18"><span class='ocrx_word' id='word_1_133' title='bbox 221 1951 274 1998; x_wconf 82' lang='lat' dir='ltr'>vv.</span> <span class='ocrx_word' id='word_1_134' title='bbox 300 1934 476 1998; x_wconf 85' lang='grc'><strong>1327-30</strong></span> <span class='ocrx_word' id='word_1_135' title='bbox 499 1934 636 2014; x_wconf 86' lang='lat' dir='ltr'>quadem</span> <span class='ocrx_word' id='word_1_136' title='bbox 660 1932 811 2000; x_wconf 81' lang='lat' dir='ltr'>veritatis</span> <span class='ocrx_word' id='word_1_137' title='bbox 835 1934 941 2016; x_wconf 87' lang='lat' dir='ltr'>speeie</span> <span class='ocrx_word' id='word_1_138' title='bbox 964 1934 1123 2015; x_wconf 88' lang='lat' dir='ltr'>appellari</span> <span class='ocrx_word' id='word_1_139' title='bbox 1144 1937 1290 2014; x_wconf 80' lang='lat' dir='ltr'>possent3</span> <span class='ocrx_word' id='word_1_140' title='bbox 1311 1931 1348 1996; x_wconf 90' lang='lat' dir='ltr'>in</span> 
     </span>
     <span class='ocr_line' id='line_1_19' title="bbox 222 2021 1375 2102; baseline -0.004 -18"><span class='ocrx_word' id='word_1_141' title='bbox 222 2027 329 2086; x_wconf 92' lang='lat' dir='ltr'>mente</span> <span class='ocrx_word' id='word_1_142' title='bbox 360 2023 462 2088; x_wconf 89' lang='lat' dir='ltr'>habeo</span> <span class='ocrx_word' id='word_1_143' title='bbox 486 2043 538 2089; x_wconf 78' lang='lat' dir='ltr'>vv.</span> <span class='ocrx_word' id='word_1_144' title='bbox 563 2025 592 2102; x_wconf 91' lang='lat'>1,</span> <span class='ocrx_word' id='word_1_145' title='bbox 616 2023 636 2085; x_wconf 77' lang='lat'><strong>2</strong></span> <span class='ocrx_word' id='word_1_146' title='bbox 664 2028 698 2087; x_wconf 92' lang='lat' dir='ltr'>et</span> <span class='ocrx_word' id='word_1_147' title='bbox 728 2023 822 2101; x_wconf 82' lang='lat'>1023,</span> <span class='ocrx_word' id='word_1_148' title='bbox 845 2025 876 2102; x_wconf 87' lang='grc'>4,</span> <span class='ocrx_word' id='word_1_149' title='bbox 908 2022 942 2087; x_wconf 90' lang='lat' dir='ltr'>in</span> <span class='ocrx_word' id='word_1_150' title='bbox 975 2022 1090 2102; x_wconf 88' lang='lat' dir='ltr'>quibus</span> <span class='ocrx_word' id='word_1_151' title='bbox 1122 2021 1277 2086; x_wconf 91' lang='lat' dir='ltr'>nonnulla</span> <span class='ocrx_word' id='word_1_152' title='bbox 1308 2039 1347 2086; x_wconf 89' lang='grc'>11</span> <span class='ocrx_word' id='word_1_153' title='bbox 1373 2075 1375 2079; x_wconf 81' lang='grc'>,</span> 
     </span>
     <span class='ocr_line' id='line_1_20' title="bbox 221 2109 1347 2193; baseline 0 -19"><span class='ocrx_word' id='word_1_154' title='bbox 221 2129 300 2175; x_wconf 84' lang='lat' dir='ltr'>vera</span> <span class='ocrx_word' id='word_1_155' title='bbox 319 2117 404 2189; x_wconf 89' lang='lat' dir='ltr'>sunt,</span> <span class='ocrx_word' id='word_1_156' title='bbox 423 2129 505 2190; x_wconf 89' lang='lat' dir='ltr'>quae</span> <span class='ocrx_word' id='word_1_157' title='bbox 524 2116 602 2191; x_wconf 88' lang='lat' dir='ltr'>epte</span> <span class='ocrx_word' id='word_1_158' title='bbox 621 2129 690 2176; x_wconf 91' lang='lat' dir='ltr'>cum</span> <span class='ocrx_word' id='word_1_159' title='bbox 704 2131 756 2179; x_wconf 81' lang='lat' dir='ltr'>vv.</span> <span class='ocrx_word' id='word_1_160' title='bbox 775 2112 950 2176; x_wconf 85' lang='grc'><strong>1327-30</strong></span> <span class='ocrx_word' id='word_1_161' title='bbox 968 2117 1204 2193; x_wconf 80' lang='lat' dir='ltr'>comparentur.</span> <span class='ocrx_word' id='word_1_162' title='bbox 1232 2109 1347 2188; x_wconf 89' lang='lat' dir='ltr'>Neque</span> 
     </span>
     <span class='ocr_line' id='line_1_21' title="bbox 222 2197 1346 2281; baseline 0 -19"><span class='ocrx_word' id='word_1_163' title='bbox 222 2197 319 2264; x_wconf 89' lang='lat' dir='ltr'>aliter</span> <span class='ocrx_word' id='word_1_164' title='bbox 338 2199 548 2281; x_wconf 90' lang='lat' dir='ltr'>judicandum</span> <span class='ocrx_word' id='word_1_165' title='bbox 571 2219 642 2265; x_wconf 91' lang='lat' dir='ltr'>esse</span> <span class='ocrx_word' id='word_1_166' title='bbox 665 2200 744 2264; x_wconf 89' lang='lat' dir='ltr'>mihi</span> <span class='ocrx_word' id='word_1_167' title='bbox 766 2199 896 2266; x_wconf 91' lang='lat' dir='ltr'>videtur</span> <span class='ocrx_word' id='word_1_168' title='bbox 919 2201 958 2265; x_wconf 91' lang='lat' dir='ltr'>de</span> <span class='ocrx_word' id='word_1_169' title='bbox 981 2220 1033 2266; x_wconf 83' lang='lat' dir='ltr'>vv.</span> <span class='ocrx_word' id='word_1_170' title='bbox 1056 2200 1239 2278; x_wconf 78' lang='lat'>1305-10,</span> <span class='ocrx_word' id='word_1_171' title='bbox 1265 2217 1346 2278; x_wconf 90' lang='lat' dir='ltr'>ques</span> 
     </span>
     <span class='ocr_line' id='line_1_22' title="bbox 221 2287 1345 2372; baseline -0.002 -18"><span class='ocrx_word' id='word_1_172' title='bbox 221 2307 286 2354; x_wconf 87' lang='lat' dir='ltr'>van</span> <span class='ocrx_word' id='word_1_173' title='bbox 305 2289 362 2353; x_wconf 92' lang='lat' dir='ltr'>der</span> <span class='ocrx_word' id='word_1_174' title='bbox 385 2289 469 2372; x_wconf 86' lang='lat' dir='ltr'>May.</span> <span class='ocrx_word' id='word_1_175' title='bbox 493 2287 660 2372; x_wconf 83' lang='lat' dir='ltr'>perediam</span> <span class='ocrx_word' id='word_1_176' title='bbox 684 2308 755 2354; x_wconf 90' lang='lat' dir='ltr'>esse</span> <span class='ocrx_word' id='word_1_177' title='bbox 778 2293 889 2355; x_wconf 90' lang='lat' dir='ltr'>censet</span> <span class='ocrx_word' id='word_1_178' title='bbox 911 2310 941 2357; x_wconf 86' lang='lat' dir='ltr'>v.</span> <span class='ocrx_word' id='word_1_179' title='bbox 967 2287 1063 2368; x_wconf 88' lang='grc'><strong>1177,</strong></span> <span class='ocrx_word' id='word_1_180' title='bbox 1086 2289 1120 2353; x_wconf 91' lang='lat' dir='ltr'>in</span> <span class='ocrx_word' id='word_1_181' title='bbox 1144 2307 1206 2370; x_wconf 89' lang='lat' dir='ltr'>quo</span> <span class='ocrx_word' id='word_1_182' title='bbox 1230 2306 1270 2352; x_wconf 91' lang='lat' dir='ltr'>ne</span> <span class='ocrx_word' id='word_1_183' title='bbox 1294 2306 1345 2352; x_wconf 90' lang='lat' dir='ltr'>re·</span> 
     </span>
    </p>
   </div>
   <div class='ocr_carea' id='block_1_3' title="bbox 225 2377 1447 2459">
    <p class='ocr_par' dir='ltr' id='par_1_3' title="bbox 225 2377 1447 2459">
     <span class='ocr_line' id='line_1_23' title="bbox 225 2377 1447 2459; baseline 0 -19"><span class='ocrx_word' id='word_1_184' title='bbox 225 2377 433 2442; x_wconf 90' lang='lat' dir='ltr'>metissimam</span> <span class='ocrx_word' id='word_1_185' title='bbox 457 2378 584 2458; x_wconf 90' lang='lat' dir='ltr'>quidem</span> <span class='ocrx_word' id='word_1_186' title='bbox 608 2378 850 2442; x_wconf 89' lang='lat' dir='ltr'>similitudinem</span> <span class='ocrx_word' id='word_1_187' title='bbox 879 2377 1025 2445; x_wconf 86' lang='lat' dir='ltr'>invenire</span> <span class='ocrx_word' id='word_1_188' title='bbox 1052 2378 1157 2459; x_wconf 70' lang='lat' dir='ltr'>potui,</span> <span class='ocrx_word' id='word_1_189' title='bbox 1184 2377 1239 2441; x_wconf 93' lang='grc'><strong>1111</strong></span> <span class='ocrx_word' id='word_1_190' title='bbox 1266 2395 1346 2442; x_wconf 80' lang='lat' dir='ltr'>vere</span> <span class='ocrx_word' id='word_1_191' title='bbox 1444 2417 1447 2422; x_wconf 94' lang='lat'>-</span> 
     </span>
    </p>
   </div>
   <div class='ocr_carea' id='block_1_4' title="bbox 214 2465 1383 4233">
    <p class='ocr_par' dir='ltr' id='par_1_4' title="bbox 214 2465 1383 4233">
     <span class='ocr_line' id='line_1_24' title="bbox 221 2465 1345 2551; baseline 0 -23"><span class='ocrx_word' id='word_1_192' title='bbox 221 2465 430 2530; x_wconf 81' lang='grc'><strong>1111111310</strong></span> <span class='ocrx_word' id='word_1_193' title='bbox 462 2468 504 2532; x_wconf 91' lang='lat' dir='ltr'>ed</span> <span class='ocrx_word' id='word_1_194' title='bbox 536 2469 753 2551; x_wconf 87' lang='lat' dir='ltr'>conjecturam</span> <span class='ocrx_word' id='word_1_195' title='bbox 784 2467 819 2531; x_wconf 92' lang='lat' dir='ltr'>in</span> <span class='ocrx_word' id='word_1_196' title='bbox 842 2486 871 2532; x_wconf 91' lang='lat' dir='ltr'>v.</span> <span class='ocrx_word' id='word_1_197' title='bbox 897 2468 982 2531; x_wconf 93' lang='grc'><strong>1177</strong></span> <span class='ocrx_word' id='word_1_198' title='bbox 1016 2465 1197 2532; x_wconf 82' lang='lat' dir='ltr'>faciendam</span> <span class='ocrx_word' id='word_1_199' title='bbox 1229 2465 1345 2530; x_wconf 89' lang='lat' dir='ltr'>utitur.</span> 
     </span>
     <span class='ocr_line' id='line_1_25' title="bbox 220 2553 1346 2637; baseline -0.001 -19"><span class='ocrx_word' id='word_1_200' title='bbox 220 2553 284 2618; x_wconf 85' lang='lat' dir='ltr'>Sed</span> <span class='ocrx_word' id='word_1_201' title='bbox 317 2553 398 2617; x_wconf 89' lang='lat' dir='ltr'>satis</span> <span class='ocrx_word' id='word_1_202' title='bbox 431 2554 474 2618; x_wconf 89' lang='lat' dir='ltr'>sit</span> <span class='ocrx_word' id='word_1_203' title='bbox 506 2555 672 2619; x_wconf 81' lang='lat' dir='ltr'>refutandi</span> <span class='ocrx_word' id='word_1_204' title='bbox 705 2554 841 2637; x_wconf 90' lang='lat' dir='ltr'>singula.</span> <span class='ocrx_word' id='word_1_205' title='bbox 887 2553 1045 2635; x_wconf 82' lang='lat' dir='ltr'>Equidem</span> <span class='ocrx_word' id='word_1_206' title='bbox 1078 2574 1119 2621; x_wconf 90' lang='lat' dir='ltr'>ne</span> <span class='ocrx_word' id='word_1_207' title='bbox 1147 2573 1186 2619; x_wconf 93' lang='lat' dir='ltr'>ee</span> <span class='ocrx_word' id='word_1_208' title='bbox 1218 2553 1346 2633; x_wconf 85' lang='lat' dir='ltr'>quidem</span> 
     </span>
     <span class='ocr_line' id='line_1_26' title="bbox 220 2639 1383 2725; baseline 0 -19"><span class='ocrx_word' id='word_1_209' title='bbox 220 2641 377 2719; x_wconf 89' lang='lat' dir='ltr'>carmina,</span> <span class='ocrx_word' id='word_1_210' title='bbox 408 2640 444 2706; x_wconf 91' lang='lat' dir='ltr'>in</span> <span class='ocrx_word' id='word_1_211' title='bbox 472 2641 586 2721; x_wconf 90' lang='lat' dir='ltr'>quibus</span> <span class='ocrx_word' id='word_1_212' title='bbox 613 2643 768 2724; x_wconf 88' lang='lat' dir='ltr'>legantur</span> <span class='ocrx_word' id='word_1_213' title='bbox 794 2661 909 2709; x_wconf 85' lang='lat' dir='ltr'>versus</span> <span class='ocrx_word' id='word_1_214' title='bbox 941 2643 1070 2721; x_wconf 88' lang='lat' dir='ltr'>quidem</span> <span class='ocrx_word' id='word_1_215' title='bbox 1097 2644 1170 2725; x_wconf 92' lang='lat' dir='ltr'>plus</span> <span class='ocrx_word' id='word_1_216' title='bbox 1198 2642 1345 2708; x_wconf 89' lang='lat' dir='ltr'>minusve</span> <span class='ocrx_word' id='word_1_217' title='bbox 1380 2639 1383 2646; x_wconf 74' lang='grc'>’</span> 
     </span>
     <span class='ocr_line' id='line_1_27' title="bbox 223 2729 1345 2814; baseline 0.001 -20"><span class='ocrx_word' id='word_1_218' title='bbox 223 2729 394 2810; x_wconf 89' lang='lat' dir='ltr'>immutati,</span> <span class='ocrx_word' id='word_1_219' title='bbox 418 2729 472 2810; x_wconf 92' lang='lat' dir='ltr'>qui</span> <span class='ocrx_word' id='word_1_220' title='bbox 496 2730 593 2795; x_wconf 91' lang='lat' dir='ltr'>etiam</span> <span class='ocrx_word' id='word_1_221' title='bbox 617 2730 651 2794; x_wconf 90' lang='lat' dir='ltr'>in</span> <span class='ocrx_word' id='word_1_222' title='bbox 673 2730 868 2814; x_wconf 81' lang='lat' dir='ltr'>fragmentis</span> <span class='ocrx_word' id='word_1_223' title='bbox 892 2730 1091 2796; x_wconf 89' lang='lat' dir='ltr'>collectionis</span> <span class='ocrx_word' id='word_1_224' title='bbox 1115 2731 1345 2813; x_wconf 81' lang='lat' dir='ltr'>Theognideee</span> 
     </span>
     <span class='ocr_line' id='line_1_28' title="bbox 221 2818 1344 2903; baseline 0.002 -22"><span class='ocrx_word' id='word_1_225' title='bbox 221 2824 364 2895; x_wconf 87' lang='lat' dir='ltr'>exstent,</span> <span class='ocrx_word' id='word_1_226' title='bbox 397 2819 551 2901; x_wconf 90' lang='lat' dir='ltr'>paredies</span> <span class='ocrx_word' id='word_1_227' title='bbox 583 2819 711 2885; x_wconf 91' lang='lat' dir='ltr'>illerum</span> <span class='ocrx_word' id='word_1_228' title='bbox 742 2818 883 2902; x_wconf 88' lang='lat' dir='ltr'>ipserum</span> <span class='ocrx_word' id='word_1_229' title='bbox 915 2819 1172 2903; x_wconf 84' lang='lat' dir='ltr'>fragmentorum</span> <span class='ocrx_word' id='word_1_230' title='bbox 1200 2819 1344 2884; x_wconf 89' lang='lat' dir='ltr'>nemina-</span> 
     </span>
     <span class='ocr_line' id='line_1_29' title="bbox 220 2905 1344 2991; baseline 0.002 -21"><span class='ocrx_word' id='word_1_231' title='bbox 220 2905 329 2972; x_wconf 88' lang='lat' dir='ltr'>verim.</span> <span class='ocrx_word' id='word_1_232' title='bbox 376 2908 622 2976; x_wconf 85' lang='lat' dir='ltr'>Consideremus</span> <span class='ocrx_word' id='word_1_233' title='bbox 646 2929 672 2974; x_wconf 88' lang='lat' dir='ltr'>e.</span> <span class='ocrx_word' id='word_1_234' title='bbox 696 2928 722 2976; x_wconf 92' lang='grc'>1.</span> <span class='ocrx_word' id='word_1_235' title='bbox 745 2928 797 2976; x_wconf 85' lang='lat' dir='ltr'>vv.</span> <span class='ocrx_word' id='word_1_236' title='bbox 824 2909 1013 2988; x_wconf 82' lang='grc'><strong>1377-80,</strong></span> <span class='ocrx_word' id='word_1_237' title='bbox 1046 2909 1161 2991; x_wconf 89' lang='lat' dir='ltr'>quibus</span> <span class='ocrx_word' id='word_1_238' title='bbox 1185 2909 1344 2989; x_wconf 86' lang='lat' dir='ltr'>quomedo</span> 
     </span>
     <span class='ocr_line' id='line_1_30' title="bbox 220 2997 1346 3081; baseline 0.001 -21"><span class='ocrx_word' id='word_1_239' title='bbox 220 3015 338 3079; x_wconf 87' lang='lat' dir='ltr'>magna</span> <span class='ocrx_word' id='word_1_240' title='bbox 352 2998 528 3064; x_wconf 89' lang='lat' dir='ltr'>carminum</span> <span class='ocrx_word' id='word_1_241' title='bbox 546 2997 734 3081; x_wconf 90' lang='lat' dir='ltr'>appendicis</span> <span class='ocrx_word' id='word_1_242' title='bbox 752 3017 829 3080; x_wconf 90' lang='lat' dir='ltr'>pars</span> <span class='ocrx_word' id='word_1_243' title='bbox 848 2998 996 3064; x_wconf 88' lang='lat' dir='ltr'>confecta</span> <span class='ocrx_word' id='word_1_244' title='bbox 1015 2999 1067 3078; x_wconf 90' lang='lat' dir='ltr'>sit,</span> <span class='ocrx_word' id='word_1_245' title='bbox 1087 3004 1163 3080; x_wconf 89' lang='lat' dir='ltr'>epte</span> <span class='ocrx_word' id='word_1_246' title='bbox 1182 2997 1346 3063; x_wconf 89' lang='lat' dir='ltr'>illustrari</span> 
     </span>
     <span class='ocr_line' id='line_1_31' title="bbox 219 3086 1344 3170; baseline 0.002 -22"><span class='ocrx_word' id='word_1_247' title='bbox 219 3090 336 3165; x_wconf 89' lang='lat' dir='ltr'>petest.</span> <span class='ocrx_word' id='word_1_248' title='bbox 382 3086 427 3150; x_wconf 91' lang='lat' dir='ltr'>Hi</span> <span class='ocrx_word' id='word_1_249' title='bbox 454 3087 557 3170; x_wconf 91' lang='lat' dir='ltr'>igitur</span> <span class='ocrx_word' id='word_1_250' title='bbox 585 3092 739 3167; x_wconf 90' lang='lat' dir='ltr'>quattuor</span> <span class='ocrx_word' id='word_1_251' title='bbox 766 3107 893 3166; x_wconf 89' lang='lat' dir='ltr'>versus,</span> <span class='ocrx_word' id='word_1_252' title='bbox 923 3088 951 3152; x_wconf 97' lang='lat' dir='ltr'>si</span> <span class='ocrx_word' id='word_1_253' title='bbox 978 3107 1044 3153; x_wconf 88' lang='lat' dir='ltr'>vau</span> <span class='ocrx_word' id='word_1_254' title='bbox 1073 3089 1131 3153; x_wconf 91' lang='lat' dir='ltr'>der</span> <span class='ocrx_word' id='word_1_255' title='bbox 1154 3087 1230 3167; x_wconf 88' lang='lat' dir='ltr'>Mey</span> <span class='ocrx_word' id='word_1_256' title='bbox 1253 3093 1344 3152; x_wconf 90' lang='lat' dir='ltr'>recte</span> 
     </span>
     <span class='ocr_line' id='line_1_32' title="bbox 214 3173 1344 3258; baseline 0.001 -21"><span class='ocrx_word' id='word_1_257' title='bbox 214 3173 436 3256; x_wconf 85' lang='lat' dir='ltr'>judicavisset,</span> <span class='ocrx_word' id='word_1_258' title='bbox 459 3176 595 3258; x_wconf 91' lang='lat' dir='ltr'>peredia</span> <span class='ocrx_word' id='word_1_259' title='bbox 618 3181 727 3242; x_wconf 89' lang='lat' dir='ltr'>esseut</span> <span class='ocrx_word' id='word_1_260' title='bbox 749 3176 847 3242; x_wconf 91' lang='lat' dir='ltr'>trium</span> <span class='ocrx_word' id='word_1_261' title='bbox 870 3176 946 3241; x_wconf 89' lang='lat' dir='ltr'>libri</span> <span class='ocrx_word' id='word_1_262' title='bbox 965 3176 1245 3258; x_wconf 83' lang='lat' dir='ltr'>Theognidearum</span> <span class='ocrx_word' id='word_1_263' title='bbox 1269 3173 1344 3239; x_wconf 90' lang='lat' dir='ltr'>reli·</span> 
     </span>
     <span class='ocr_line' id='line_1_33' title="bbox 219 3261 1342 3348; baseline 0.002 -23"><span class='ocrx_word' id='word_1_264' title='bbox 219 3261 364 3341; x_wconf 84' lang='lat' dir='ltr'>quierem</span> <span class='ocrx_word' id='word_1_265' title='bbox 388 3262 656 3345; x_wconf 82' lang='lat' dir='ltr'>fragmentorum:</span> <span class='ocrx_word' id='word_1_266' title='bbox 681 3283 709 3329; x_wconf 91' lang='lat' dir='ltr'>v.</span> <span class='ocrx_word' id='word_1_267' title='bbox 734 3265 775 3327; x_wconf 87' lang='grc'>37</span> <span class='ocrx_word' id='word_1_268' title='bbox 802 3263 954 3348; x_wconf 71' lang='grc'><strong>(11111.</strong></span> <span class='ocrx_word' id='word_1_269' title='bbox 978 3264 1043 3328; x_wconf 80' lang='lat'>546</span> <span class='ocrx_word' id='word_1_270' title='bbox 1068 3263 1220 3348; x_wconf 70' lang='grc'><strong>(110011.</strong></span> <span class='ocrx_word' id='word_1_271' title='bbox 1247 3265 1342 3328; x_wconf 80' lang='lat'>1099.</span> 
     </span>
     <span class='ocr_line' id='line_1_34' title="bbox 219 3349 1343 3434; baseline 0.002 -20"><span class='ocrx_word' id='word_1_272' title='bbox 219 3349 282 3415; x_wconf 84' lang='lat' dir='ltr'>Sed</span> <span class='ocrx_word' id='word_1_273' title='bbox 306 3350 474 3430; x_wconf 89' lang='lat' dir='ltr'>perediam</span> <span class='ocrx_word' id='word_1_274' title='bbox 497 3351 546 3416; x_wconf 91' lang='lat' dir='ltr'>ita</span> <span class='ocrx_word' id='word_1_275' title='bbox 568 3351 662 3416; x_wconf 91' lang='lat' dir='ltr'>nimis</span> <span class='ocrx_word' id='word_1_276' title='bbox 686 3351 861 3419; x_wconf 87' lang='lat' dir='ltr'>artificiose</span> <span class='ocrx_word' id='word_1_277' title='bbox 881 3371 950 3417; x_wconf 91' lang='lat' dir='ltr'>esse</span> <span class='ocrx_word' id='word_1_278' title='bbox 969 3352 1131 3418; x_wconf 89' lang='lat' dir='ltr'>conditam</span> <span class='ocrx_word' id='word_1_279' title='bbox 1151 3372 1216 3418; x_wconf 93' lang='lat' dir='ltr'>nen</span> <span class='ocrx_word' id='word_1_280' title='bbox 1233 3357 1343 3434; x_wconf 87' lang='lat' dir='ltr'>petest</span> 
     </span>
     <span class='ocr_line' id='line_1_35' title="bbox 219 3439 1342 3524; baseline 0.003 -22"><span class='ocrx_word' id='word_1_281' title='bbox 219 3457 282 3503; x_wconf 91' lang='lat' dir='ltr'>nou</span> <span class='ocrx_word' id='word_1_282' title='bbox 306 3439 467 3522; x_wconf 86' lang='lat' dir='ltr'>cognosci.</span> <span class='ocrx_word' id='word_1_283' title='bbox 504 3440 701 3524; x_wconf 82' lang='lat' dir='ltr'>Quamquam</span> <span class='ocrx_word' id='word_1_284' title='bbox 720 3441 869 3508; x_wconf 90' lang='lat' dir='ltr'>versibus</span> <span class='ocrx_word' id='word_1_285' title='bbox 887 3440 953 3506; x_wconf 91' lang='lat' dir='ltr'>illis</span> <span class='ocrx_word' id='word_1_286' title='bbox 975 3441 1052 3506; x_wconf 91' lang='lat' dir='ltr'>libri</span> <span class='ocrx_word' id='word_1_287' title='bbox 1074 3441 1192 3522; x_wconf 90' lang='lat' dir='ltr'>prieris</span> <span class='ocrx_word' id='word_1_288' title='bbox 1216 3441 1342 3506; x_wconf 88' lang='lat' dir='ltr'>auctori</span> 
     </span>
     <span class='ocr_line' id='line_1_36' title="bbox 219 3528 1342 3612; baseline 0.003 -21"><span class='ocrx_word' id='word_1_289' title='bbox 219 3546 284 3592; x_wconf 91' lang='lat' dir='ltr'>non</span> <span class='ocrx_word' id='word_1_290' title='bbox 315 3528 402 3594; x_wconf 89' lang='lat' dir='ltr'>netis</span> <span class='ocrx_word' id='word_1_291' title='bbox 434 3548 562 3594; x_wconf 91' lang='lat' dir='ltr'>carmen</span> <span class='ocrx_word' id='word_1_292' title='bbox 595 3530 782 3611; x_wconf 89' lang='lat' dir='ltr'>appendicis</span> <span class='ocrx_word' id='word_1_293' title='bbox 815 3536 962 3596; x_wconf 83' lang='lat' dir='ltr'>exertum</span> <span class='ocrx_word' id='word_1_294' title='bbox 996 3549 1158 3596; x_wconf 89' lang='lat' dir='ltr'>essenon</span> <span class='ocrx_word' id='word_1_295' title='bbox 1185 3549 1279 3612; x_wconf 90' lang='lat' dir='ltr'>pesse</span> <span class='ocrx_word' id='word_1_296' title='bbox 1307 3528 1342 3593; x_wconf 90' lang='lat' dir='ltr'>in</span> 
     </span>
     <span class='ocr_line' id='line_1_37' title="bbox 219 3618 1342 3700; baseline 0.001 -19"><span class='ocrx_word' id='word_1_297' title='bbox 219 3623 332 3697; x_wconf 88' lang='lat' dir='ltr'>aperte</span> <span class='ocrx_word' id='word_1_298' title='bbox 361 3623 420 3682; x_wconf 90' lang='lat' dir='ltr'>est.</span> <span class='ocrx_word' id='word_1_299' title='bbox 465 3620 581 3700; x_wconf 89' lang='lat' dir='ltr'>Itaque</span> <span class='ocrx_word' id='word_1_300' title='bbox 608 3619 687 3683; x_wconf 93' lang='lat' dir='ltr'>mihi</span> <span class='ocrx_word' id='word_1_301' title='bbox 715 3618 841 3699; x_wconf 90' lang='lat' dir='ltr'>quidem</span> <span class='ocrx_word' id='word_1_302' title='bbox 870 3620 942 3685; x_wconf 88' lang='lat' dir='ltr'>luce</span> <span class='ocrx_word' id='word_1_303' title='bbox 970 3619 1090 3685; x_wconf 87' lang='lat' dir='ltr'>clarius</span> <span class='ocrx_word' id='word_1_304' title='bbox 1112 3619 1243 3686; x_wconf 91' lang='lat' dir='ltr'>videtur</span> <span class='ocrx_word' id='word_1_305' title='bbox 1270 3637 1342 3683; x_wconf 90' lang='lat' dir='ltr'>esse</span> 
     </span>
     <span class='ocr_line' id='line_1_38' title="bbox 217 3705 1342 3790; baseline 0.001 -19"><span class='ocrx_word' id='word_1_306' title='bbox 217 3724 332 3771; x_wconf 86' lang='lat' dir='ltr'>versus</span> <span class='ocrx_word' id='word_1_307' title='bbox 364 3705 469 3771; x_wconf 86' lang='lat' dir='ltr'>iactos</span> <span class='ocrx_word' id='word_1_308' title='bbox 501 3726 572 3773; x_wconf 91' lang='lat' dir='ltr'>esse</span> <span class='ocrx_word' id='word_1_309' title='bbox 603 3708 645 3773; x_wconf 92' lang='lat' dir='ltr'>ab</span> <span class='ocrx_word' id='word_1_310' title='bbox 677 3712 810 3773; x_wconf 88' lang='lat' dir='ltr'>auctore</span> <span class='ocrx_word' id='word_1_311' title='bbox 841 3706 1041 3790; x_wconf 88' lang='lat' dir='ltr'>appendicis,</span> <span class='ocrx_word' id='word_1_312' title='bbox 1074 3727 1145 3773; x_wconf 93' lang='lat' dir='ltr'>cum</span> <span class='ocrx_word' id='word_1_313' title='bbox 1173 3708 1207 3772; x_wconf 91' lang='lat' dir='ltr'>in</span> <span class='ocrx_word' id='word_1_314' title='bbox 1235 3713 1342 3772; x_wconf 90' lang='lat' dir='ltr'>mente</span> 
     </span>
     <span class='ocr_line' id='line_1_39' title="bbox 218 3794 1341 3878; baseline 0.003 -21"><span class='ocrx_word' id='word_1_315' title='bbox 218 3794 355 3860; x_wconf 89' lang='lat' dir='ltr'>haberet</span> <span class='ocrx_word' id='word_1_316' title='bbox 378 3795 464 3859; x_wconf 91' lang='lat' dir='ltr'>locos</span> <span class='ocrx_word' id='word_1_317' title='bbox 487 3796 561 3861; x_wconf 91' lang='lat' dir='ltr'>illes</span> <span class='ocrx_word' id='word_1_318' title='bbox 584 3794 661 3861; x_wconf 91' lang='lat' dir='ltr'>libri</span> <span class='ocrx_word' id='word_1_319' title='bbox 683 3795 814 3878; x_wconf 71' lang='lat' dir='ltr'>prioris,</span> <span class='ocrx_word' id='word_1_320' title='bbox 843 3797 877 3861; x_wconf 92' lang='lat' dir='ltr'>in</span> <span class='ocrx_word' id='word_1_321' title='bbox 904 3797 965 3860; x_wconf 91' lang='grc'><strong>1101</strong></span> <span class='ocrx_word' id='word_1_322' title='bbox 992 3796 1060 3876; x_wconf 90' lang='lat' dir='ltr'>ille,</span> <span class='ocrx_word' id='word_1_323' title='bbox 1093 3797 1238 3878; x_wconf 89' lang='lat' dir='ltr'>quisquis</span> <span class='ocrx_word' id='word_1_324' title='bbox 1269 3795 1341 3874; x_wconf 83' lang='lat' dir='ltr'>fuit,</span> 
     </span>
     <span class='ocr_line' id='line_1_40' title="bbox 217 3881 1341 3971; baseline 0.001 -23"><span class='ocrx_word' id='word_1_325' title='bbox 217 3881 266 3948; x_wconf 87' lang='lat' dir='ltr'>ita</span> <span class='ocrx_word' id='word_1_326' title='bbox 290 3887 362 3948; x_wconf 90' lang='lat' dir='ltr'>eret</span> <span class='ocrx_word' id='word_1_327' title='bbox 379 3890 541 3971; x_wconf 86' lang='lat' dir='ltr'>versatus,</span> <span class='ocrx_word' id='word_1_328' title='bbox 565 3891 602 3950; x_wconf 90' lang='lat' dir='ltr'>ut</span> <span class='ocrx_word' id='word_1_329' title='bbox 619 3884 732 3967; x_wconf 90' lang='lat' dir='ltr'>procul</span> <span class='ocrx_word' id='word_1_330' title='bbox 750 3885 848 3950; x_wconf 93' lang='lat' dir='ltr'>dubio</span> <span class='ocrx_word' id='word_1_331' title='bbox 866 3903 995 3968; x_wconf 90' lang='lat' dir='ltr'>magna,</span> <span class='ocrx_word' id='word_1_332' title='bbox 1018 3905 1058 3952; x_wconf 92' lang='lat' dir='ltr'>ne</span> <span class='ocrx_word' id='word_1_333' title='bbox 1077 3886 1182 3951; x_wconf 92' lang='lat' dir='ltr'>dicem</span> <span class='ocrx_word' id='word_1_334' title='bbox 1201 3885 1341 3951; x_wconf 80' lang='lat' dir='ltr'>maxime</span> 
     </span>
     <span class='ocr_line' id='line_1_41' title="bbox 219 3971 1340 4058; baseline 0.001 -22"><span class='ocrx_word' id='word_1_335' title='bbox 219 3971 472 4056; x_wconf 80' lang='lat' dir='ltr'>fragmentorum</span> <span class='ocrx_word' id='word_1_336' title='bbox 496 3992 573 4055; x_wconf 89' lang='lat' dir='ltr'>pars</span> <span class='ocrx_word' id='word_1_337' title='bbox 597 3981 630 4038; x_wconf 92' lang='lat' dir='ltr'>et</span> <span class='ocrx_word' id='word_1_338' title='bbox 654 3973 787 4039; x_wconf 88' lang='lat' dir='ltr'>auribus</span> <span class='ocrx_word' id='word_1_339' title='bbox 812 3980 845 4039; x_wconf 89' lang='lat' dir='ltr'>et</span> <span class='ocrx_word' id='word_1_340' title='bbox 871 3974 1042 4040; x_wconf 88' lang='lat' dir='ltr'>memoriae</span> <span class='ocrx_word' id='word_1_341' title='bbox 1071 3975 1139 4058; x_wconf 89' lang='lat' dir='ltr'>ejus</span> <span class='ocrx_word' id='word_1_342' title='bbox 1166 3974 1340 4040; x_wconf 85' lang='grc'><strong>1111111111-</strong></span> 
     </span>
     <span class='ocr_line' id='line_1_42' title="bbox 217 4062 1340 4145; baseline 0.001 -20"><span class='ocrx_word' id='word_1_343' title='bbox 217 4065 370 4127; x_wconf 87' lang='lat' dir='ltr'>maneret.</span> <span class='ocrx_word' id='word_1_344' title='bbox 416 4062 527 4143; x_wconf 88' lang='lat' dir='ltr'>Neque</span> <span class='ocrx_word' id='word_1_345' title='bbox 550 4081 614 4130; x_wconf 84' lang='lat' dir='ltr'>ven</span> <span class='ocrx_word' id='word_1_346' title='bbox 642 4063 700 4127; x_wconf 92' lang='lat' dir='ltr'>der</span> <span class='ocrx_word' id='word_1_347' title='bbox 723 4063 807 4145; x_wconf 86' lang='lat' dir='ltr'>May.</span> <span class='ocrx_word' id='word_1_348' title='bbox 832 4063 871 4128; x_wconf 89' lang='lat' dir='ltr'>de</span> <span class='ocrx_word' id='word_1_349' title='bbox 903 4062 1033 4128; x_wconf 90' lang='lat' dir='ltr'>notione</span> <span class='ocrx_word' id='word_1_350' title='bbox 1065 4063 1219 4144; x_wconf 89' lang='lat' dir='ltr'>perediae</span> <span class='ocrx_word' id='word_1_351' title='bbox 1251 4069 1340 4128; x_wconf 89' lang='lat' dir='ltr'>recta</span> 
     </span>
     <span class='ocr_line' id='line_1_43' title="bbox 218 4150 1339 4233; baseline 0.001 -19"><span class='ocrx_word' id='word_1_352' title='bbox 218 4151 356 4216; x_wconf 87' lang='lat' dir='ltr'>sensisse</span> <span class='ocrx_word' id='word_1_353' title='bbox 380 4151 523 4232; x_wconf 68' lang='lat' dir='ltr'>videtum</span> <span class='ocrx_word' id='word_1_354' title='bbox 546 4150 690 4232; x_wconf 89' lang='lat' dir='ltr'>loquitur</span> <span class='ocrx_word' id='word_1_355' title='bbox 709 4151 792 4216; x_wconf 92' lang='lat' dir='ltr'>enim</span> <span class='ocrx_word' id='word_1_356' title='bbox 812 4171 837 4216; x_wconf 93' lang='lat' dir='ltr'>e.</span> <span class='ocrx_word' id='word_1_357' title='bbox 858 4171 883 4216; x_wconf 92' lang='grc'>1.</span> <span class='ocrx_word' id='word_1_358' title='bbox 906 4152 946 4217; x_wconf 92' lang='lat' dir='ltr'>de</span> <span class='ocrx_word' id='word_1_359' title='bbox 969 4151 1066 4228; x_wconf 84' lang='lat' dir='ltr'>furto,</span> <span class='ocrx_word' id='word_1_360' title='bbox 1091 4153 1175 4232; x_wconf 93' lang='lat' dir='ltr'>qued</span> <span class='ocrx_word' id='word_1_361' title='bbox 1194 4152 1227 4216; x_wconf 89' lang='lat' dir='ltr'>in</span> <span class='ocrx_word' id='word_1_362' title='bbox 1246 4170 1339 4233; x_wconf 90' lang='lat' dir='ltr'>pere·</span> 
     </span>
    </p>
   </div>
   <div class='ocr_carea' id='block_1_5' title="bbox 0 0 1562 4658">
    <p class='ocr_par' dir='ltr' id='par_1_5' title="bbox 0 0 1562 4658">
     <span class='ocr_line' id='line_1_44' title="bbox 0 0 1562 4658; baseline 0 4"><span class='ocrx_word' id='word_1_363' title='bbox 0 0 1562 4658; x_wconf 95' lang='lat' dir='ltr'> </span> 
     </span>
    </p>
   </div>
  </div>
 </body>
</html>
