3114 4658
651 331 868 394 .-33-

195 509 311 589 tiatru·,
338 509 436 574 facile
463 508 613 591 intellegi
639 512 757 588 potest.
803 507 915 588 Neque
937 507 971 573 in
994 508 1192 574 hexametris
1215 528 1318 590 neque

195 599 229 662 in
253 597 464 679 pentametris
487 597 571 664 vitia
589 596 686 662 ullius
710 595 838 678 generis
861 596 1008 663 invenire
1031 598 1130 677 potui.
1162 599 1202 662 In
1220 599 1317 664 hexa-

196 693 299 752 metro
322 691 450 767 poetam
470 705 634 752 caesuram
654 685 840 764 bucolicam‚
864 704 945 765 quae
964 684 1092 764 dicitur,
1116 687 1318 754 adamavisse

196 775 275 839 mihi
296 775 410 842 videor
433 773 712 852 animadvertisse,
736 774 821 854 quod
844 777 952 839 tamen
975 793 1039 839 non
1061 773 1111 840 ita
1129 776 1201 840 volo
1224 775 1317 841 intel-

195 863 274 946 legi,
307 863 400 943 quasi
432 882 567 929 caesura
594 862 652 926 illa
679 862 780 927 multo
808 862 852 927 sit
878 861 1080 942 frequentior
1108 882 1200 942 quam
1233 865 1318 948 apud

195 952 276 1017 alios
303 958 418 1033 poetas
446 953 614 1034 elegiacos.
666 951 799 1031 Semper
826 970 903 1017 vero
932 952 986 1016 lex
1012 951 1071 1016 illa
1099 958 1230 1018 servata
1258 957 1317 1032 est,

195 1060 259 1122 qua
282 1047 417 1120 quartus
439 1060 497 1123 pes
521 1047 598 1106 ante
622 1058 788 1105 caesuram
811 1039 899 1105 illam
924 1039 1074 1122 dactylus
1098 1059 1168 1106 esse
1191 1039 1318 1120 debet*‚

283 1289 375 1342 *Hoc
393 1290 450 1343 loco
473 1305 526 1342 non
550 1286 676 1341 omittam
697 1285 797 1340 vitium
821 1286 974 1353 emendare,
998 1287 1068 1354 quod
1091 1287 1120 1340 in
1141 1287 1210 1342 libro
1224 1288 1318 1367 priore

189 1379 338 1432 invenitur.
376 1378 493 1446 Legitur
510 1377 696 1444 fragmentum
714 1375 846 1442 quoddam
865 1392 910 1429 vv.
930 1375 1050 1429 441—6:

355 1479 448 1542 Οὐδεὶς
465 1477 519 1553 γὰρ
538 1475 621 1533 πάντ’
641 1478 696 1534 ἐστι’
715 1475 869 1549 πανόλβιος·
889 1475 951 1533 ἀλλ’
971 1477 985 1532 ὁ
1003 1480 1057 1552 μὲν
1075 1477 1170 1542 ἐσθλός
1250 1519 1270 1558 J

353 1573 438 1643 τολμᾷ
456 1569 525 1642 ἔχων
543 1565 572 1622 τὸ
590 1563 681 1633 κακόν,
700 1563 765 1622 κούκ
783 1566 908 1638 ἐπίδηλος
928 1565 1016 1646 ὅμως·Ι

354 1655 440 1720 δειλὸς
458 1654 491 1712 δ’
510 1652 567 1711 οὔτ’
587 1653 734 1728 ἀγαθοῖσιν
753 1655 892 1710 ἐπίσταται
911 1653 969 1710 οὔτε
988 1665 1110 1713 κακοῖσιν

352 1743 443 1820 θυμὸν
463 1743 533 1818 ὁμῶς
551 1750 674 1816 μίσγειν·
693 1739 841 1799 ἀθανάτων
860 1745 890 1798 δὲ
909 1739 995 1805 δόσεις

352 1843 478 1889 παντοῖαι
497 1842 638 1902 θνητοῖσιν
657 1829 816 1905 ἐπέρχοντ’·
836 1829 898 1887 ἀλλ’
918 1831 1066 1904 ἐπιτολμᾶν

353 1919 407 1996 χρὴ
427 1918 493 1993 δῶρ’
514 1918 667 1986 ἀθανάτων,
687 1916 730 1974 οἶα
751 1923 869 1975 διδοῦσιν
887 1922 968 1994 ἔχειν.

282 2029 321 2082 Hi
339 2044 434 2084 versus
451 2029 480 2082 in
499 2027 574 2082 codd.
592 2027 650 2082 AO
669 2033 732 2096 post
741 2029 812 2083 1162
831 2033 993 2098 repetuntur
1011 2030 1146 2085 nonnullis
1165 2033 1315 2099 scripturae

193 2119 389 2186 discrepantiis.
428 2117 542 2171 Constat
564 2131 627 2172 vero
650 2117 832 2184 compluribus
855 2118 993 2172 hominum
1016 2118 1155 2173 doctorum
1178 2123 1314 2176 accuratis

191 2205 471 2271 commentationibus,
489 2206 562 2259 inter
580 2221 647 2272 quas
665 2206 738 2259 haud
756 2207 878 2260 infimum
896 2207 984 2260 locum
1003 2207 1108 2261 obtinet
1127 2209 1162 2262 H.
1173 2210 1314 2265 Schneide-

191 2296 268 2359 wini,
291 2295 476 2348 collectionem
495 2294 711 2361 Theognideam,
735 2310 803 2360 quae
826 2294 902 2348 nobis
920 2293 1003 2348 titulo
1023 2293 1150 2365 ἐλεγείων
1173 2291 1313 2352 citradita

191 2388 246 2449 est,
273 2382 338 2437 olim
360 2384 540 2451 conscriptam
563 2397 620 2436 esse
644 2397 677 2434 ex
700 2381 804 2436 duabus
824 2381 949 2450 syllogis‚
977 2383 1005 2434 in
1024 2398 1138 2448 quarum
1155 2387 1312 2454 posteriore,

190 2473 334 2538 quaesere
353 2488 369 2525 a
388 2489 413 2526 v.
434 2471 504 2525 1000
526 2466 644 2536 incipere
666 2469 790 2536 videtur,
814 2472 921 2538 saepius
944 2470 1039 2524 melior
1061 2473 1197 2540 scriptura
1219 2475 1311 2544 depre-

189 2559 325 2615 henditur.
363 2560 437 2626 Quae
456 2574 498 2614 res
517 2559 638 2614 versibus
660 2559 768 2612 441-6
792 2559 874 2629 (1162
892 2558 968 2628 a-i)
989 2559 1063 2615 haud
1085 2563 1195 2616 minime
1218 2564 1312 2618 confir-

189 2655 289 2702 matur.
318 2649 385 2702 Cum
404 2650 475 2703 enim
493 2649 555 2703 libri
574 2663 664 2703 omues
683 2666 708 2702 v.
727 2649 782 2702 444
802 2643 946 2702 lectionem
964 2648 1115 2716 praebeant
1133 2645 1224 2720 θυμὸν
1242 2651 1312 2724 ἔχων

187 2741 309 2808 μίμνειν,
328 2755 354 2791 v.
375 2738 592 2808 1162d1egn'tur
617 2733 709 2808 θυμὸν
733 2733 804 2808 ὁμῶς
822 2741 945 2809 μίσγειν,
969 2753 1038 2804 quae
1060 2740 1195 2806 scriptura
1218 2743 1311 2808 procul

188 2825 270 2880 dubio
289 2827 367 2880 unice
385 2842 451 2880 vera
470 2829 641 2896 genuinoque
660 2826 694 2880 ab
713 2826 837 2879 omnibus
855 2825 912 2880 fere
931 2827 1079 2883 editoribus
1098 2845 1123 2881 v.
1142 2829 1197 2881 444
1214 2829 1313 2884 inver-

187 2914 281 2968 borum
300 2915 420 2968 ordinem
442 2921 553 2982 recepta
576 2919 625 2969 est.
664 2915 715 2968 Sed
739 2931 800 2968 mea
823 2915 931 2981 quidem
954 2917 1091 2970 sententia
1114 2917 1188 2969 aliud
1210 2919 1309 2972 vitium

187 3003 258 3056 latet
277 3004 306 3056 in
319 3019 364 3056 vv.
374 3003 488 3068 441—6,
508 3004 584 3072 cujus
603 3003 763 3057 emendandi
780 3004 930 3071 vestigium
949 3002 1057 3070 eisdem,
1076 3005 1122 3071 qui
1131 3009 1193 3070 post
1202 3022 1228 3058 v.
1239 3007 1309 3060 1162

186 3091 334 3159 leguntur,
348 3092 483 3156 versibus,
502 3096 616 3160 utpote
635 3093 681 3158 qui
699 3092 837 3146 meliorem
856 3092 1017 3157 scripturam
1036 3095 1216 3160 servaverint,
1240 3095 1309 3150 indi-

186 3185 278 3235 catum
297 3185 347 3235 est.
385 3179 557 3236 Scribendum
586 3181 657 3234 enim
685 3195 743 3234 esse
769 3198 795 3234 v.
815 3180 876 3245 444,
896 3181 912 3233 5
932 3196 979 3247 pro
997 3181 1087 3236 verbis
1110 3177 1256 3236 ἀθανάτων
1279 3183 1310 3238 δὲ

188 3263 273 3328 δόσεις
300 3276 426 3322 παντοῖαι
453 3274 594 3338 θνητοῖσιν
617 3264 772 3341 ἐπέρχοντ’·
800 3269 853 3322 ita:
882 3263 1029 3322 ἀθανάτων
1052 3268 1081 3323 δὲ
1105 3265 1176 3332 δόσις
1195 3277 1309 3344 παντοίη

187 3361 328 3423 θνητοῖσιν
355 3355 496 3429 ἐπέρχεται
522 3374 570 3424 pro
594 3365 667 3412 certo
695 3357 831 3412 affirmare
859 3360 958 3424 ausim,
987 3365 1069 3426 atque
1096 3361 1180 3413 miror
1205 3363 1309 3416 nullum

187 3441 419 3510 Theognideorum
438 3447 570 3500 editorem
588 3462 672 3514 usquc
691 3447 778 3500 adbuc
800 3447 870 3500 hanc
893 3437 1107 3502 emendationem
1131 3451 1307 3515 proposuisse.

186 3532 291 3586 Causae
308 3547 372 3586 vero
390 3536 575 3602 gravissimae,
595 3535 691 3602 quibus
709 3540 859 3589 commotus
879 3549 946 3600 sum,
967 3541 1000 3590 ut
1017 3536 1067 3589 hoc
1077 3535 1154 3590 modo
1163 3553 1208 3591 vv.
1218 3538 1307 3600 4445

186 3622 363 3687 emendarem,
382 3621 433 3677 hae
452 3627 527 3677 sunt:
556 3625 698 3691 Inquirens
727 3625 889 3690 accuratius,
909 3639 989 3691 quam
1008 3638 1088 3690 saepe
1106 3639 1211 3690 quoque
1229 3625 1306 3680 modo

185 3709 214 3762 in
232 3709 390 3765 collectione
408 3711 644 3779 Theognidearum
662 3713 835 3779 reliquiarum
856 3712 980 3767 adhibita
998 3715 1069 3765 esset
1092 3726 1215 3777 caesura,
1237 3727 1306 3778 quae

186 3798 294 3862 dicitur,
313 3799 443 3865 bucolica,
460 3800 490 3852 in
508 3800 631 3854 omnibus
649 3801 688 3854 eis
706 3801 882 3866 hexametris,
902 3815 1013 3866 quorum
1032 3815 1143 3853 caesura
1161 3801 1209 3854 illa
1227 3801 1306 3855 buco-

185 3887 237 3940 lica
257 3891 340 3953 esset,
369 3893 495 3954 quartum
522 3889 617 3956 pedem
640 3895 765 3944 constare
793 3905 825 3944 ex
850 3889 971 3954 dactylo,
999 3888 1141 3942 dummodo
1164 3894 1227 3956 post
1245 3905 1306 3945 eum

185 3981 257 4030 esset
275 3976 442 4041 distinctum,
459 3978 564 4031 inveni:
582 3978 681 4045 Itaque
696 3979 851 4031 mirandum
869 3981 920 4042 est,
939 3991 986 4030 cur
1003 3994 1029 4030 v.
1048 3978 1101 4030 445
1119 3984 1233 4044 quartus
1250 3995 1305 4045 pes,

185 4070 248 4132 post
267 4079 344 4130 quem
364 4081 475 4120 caesura
493 4065 541 4118 illa
560 4070 660 4132 exstat,
679 4081 712 4124 ex
732 4065 849 4133 spondeo
868 4070 975 4120 constet
993 4071 1086 4119 contra
1103 4067 1227 4134 regulam
1236 4068 1305 4120 elias

183 4155 212 4208 in
231 4153 413 4221 Theognideis
441 4158 584 4208 servatam.
623 4155 737 4208 lbadita
764 4155 836 4209 enim
863 4159 928 4208 suut
955 4155 1004 4208 hoc
1031 4155 1088 4208 loco
1114 4155 1198 4208 verba
1225 4157 1302 4208 haec:

1073 4245 1090 4300 3
