3114 4658
639 350 864 414 ..41-

190 531 252 598 diis
275 549 339 595 non
361 529 460 595 licere
487 532 737 595 consentaneum
765 534 824 598 est.
871 529 953 594 Tum
980 547 1021 594 10
1049 527 1084 594 id
1112 529 1240 609 quidem
1267 528 1315 595 in·

192 619 350 703 tellegere
372 637 515 700 possum,
539 617 694 698 quomodo
717 619 812 683 homo
836 619 950 683 doctus
973 617 1202 699 explicaverit,
1231 618 1316 698 quod

188 709 319 790 integra
347 707 488 774 disticha
516 707 556 772 de
584 705 773 772 collectione
802 705 1012 788 Theognidea
1045 707 1187 788 repetita
1218 714 1317 787 atque

191 797 317 862 Solonis
359 796 522 862 distichon
562 795 649 861 inter
690 794 878 878 appendicis
915 793 1061 860 carmina
1098 794 1316 862 inveniuntur.

188 886 305 966 Itaque
336 884 458 950 factum
491 889 554 963 est,
587 888 625 949 ut
655 902 719 950 van
743 884 967 963 Herwerden,
999 903 1024 949 c.
1054 884 1074 949 l.
1106 903 1160 968 pg.
1190 883 1241 962 15,
1266 884 1318 949 cui

189 975 230 1039 Η.
254 973 492 1041 Schneidewin.
516 991 541 1038 c.
566 972 586 1037 1.
609 991 663 1055 pg.
687 972 729 1036 38
757 991 910 1038 assensus
942 976 1006 1052 010,
1040 991 1105 1038 ran
1138 972 1196 1038 der
1227 972 1317 1054 Meyi

193 1063 389 1130 sententiam
412 1063 452 1127 de
475 1060 619 1144 parodiis
642 1060 788 1126 refutare
810 1061 965 1127 eluderet.
1008 1059 1166 1126 Concedit
1188 1060 1318 1142 quidem

189 1152 409 1230 Herwerden,
433 1169 518 1228 cum,
552 1149 607 1230 qui
630 1148 819 1231 appendicis
842 1148 986 1216 carmina
1009 1148 1198 1230 condiderit,
1221 1168 1319 1233 saepe

188 1242 289 1308 verba
316 1245 350 1305 et
372 1258 469 1307 voces
498 1238 724 1320 Theognideas
746 1237 781 1302 in
805 1257 896 1304 suam
923 1257 991 1312 rem
1015 1237 1228 1318 convertisse,
1257 1239 1315 1305 sed

187 1333 297 1395 tamen
320 1327 464 1394 carmina
486 1327 639 1409 parodias
663 1345 734 1394 esse
756 1327 968 1408 appellandas
990 1331 1104 1409 negat,
1127 1327 1222 1392 immo
1242 1347 1317 1393 eum

188 1416 253 1483 illis
281 1435 374 1482 usum
402 1435 472 1482 esse
500 1421 587 1495 ,tum
610 1435 671 1495 quo
694 1415 823 1481 facilius
846 1415 970 1499 ingenii
994 1416 1045 1481 111
1069 1416 1239 1481 sterilitati
1262 1435 1314 1482 oc·

188 1509 343 1585 curreret,
366 1509 434 1570 tum
453 1505 601 1583 fortasse,
624 1510 662 1569 ut
679 1505 744 1570 ista
762 1524 820 1586 pro
839 1504 990 1588 genuinis
1008 1505 1195 1571 venditaret
1213 1525 1315 1588 popu·

187 1593 312 1660 laribus
339 1593 433 1659 suis“.
479 1593 543 1659 Sed
571 1592 729 1673 siquidem
756 1598 846 1658 recte
873 1612 908 1658 se
935 1593 1074 1672 habent,
1103 1612 1186 1674 quae
1214 1613 1314 1675 supra

187 1682 485 1760 demonstravimus
509 1700 605 1748 unum
625 1700 695 1748 esse
714 1683 921 1749 statuendum
940 1687 1105 1748 auctorem
1124 1681 1313 1764 appendicis

190 1791 350 1849 versuum,
369 1770 424 1851 qui
443 1770 542 1836 etiam
561 1790 630 1836 eam
650 1771 871 1854 subjunxisset
886 1771 1069 1836 collectioni
1078 1770 1315 1854 Theognideae,

187 1879 234 1939 00,
258 1879 341 1940 quae
358 1860 569 1925 Herwerden.
589 1859 806 1939 adnotaverit,
828 1879 908 1926 vera
926 1878 1081 1925 essenon
1099 1877 1195 1940 posse
1213 1865 1314 1954 patet.

186 1949 263 2014 Jam
290 1967 368 2015 vero
396 1948 430 2013 11
458 1967 495 2014 00
520 1952 582 2027 010,
606 1952 644 2013 00
665 1953 813 2013 nostram
839 1948 982 2029 ipsorum
1011 1949 1051 2013 de
1079 1947 1216 2032 originis
1246 1967 1316 2013 car-

186 2037 307 2103 minum
330 2035 518 2119 appendicis
541 2037 668 2101 ratione
696 2036 891 2103 sententiam
920 2035 1125 2118 explicemus.
1172 2037 1220 2102 Ut
1242 2038 1314 2102 bre·

187 2125 274 2194 viter
296 2133 442 2207 repetam
464 2126 512 2203 id,
541 2125 624 2205 qnod
648 2144 746 2206 supra
769 2125 959 2190 confirmare
982 2124 1107 2204 studui,
1136 2145 1175 2192 00
1203 2144 1244 2190 ex
1268 2145 1314 2205 re,

186 2216 270 2296 quod
292 2214 423 2297 integra
447 2213 595 2292 disticha,
617 2232 732 2280 versus
755 2214 829 2295 plus
847 2213 993 2281 minusve
1011 2213 1139 2293 mutati,
1162 2233 1313 2280 versuum

186 2307 307 2384 partes,
331 2321 449 2386 magna
468 2301 640 2367 multitudo
659 2303 892 2368 sententiarum
910 2302 1123 2369 inveniuntur
1140 2301 1174 2368 11
1194 2321 1312 2384 appen-

186 2391 270 2472 dice,
287 2411 385 2473 ·quae
418 2391 517 2456 etiam
549 2390 583 2455 in
613 2390 808 2474 fragmentis
834 2390 911 2456 libri
938 2390 1057 2473 prioris
1085 2392 1254 2474 leguntur,
1278 2396 1312 2456 00

187 2481 272 2561 quod
294 2479 457 2562 appendix
481 2479 663 2545 collectioni
682 2479 913 2563 Theognideae
931 2481 1104 2564 subJ'uucta
1122 2479 1218 2545 titulo
1243 2479 1311 2545 ἐλε-

186 2575 281 2649 γείων
300 2568 331 2653 β’
353 2568 446 2636 nobis
465 2568 590 2634 tradita
608 2574 667 2648 est,
691 2569 762 2635 veri
780 2568 977 2634 simillimum
995 2587 1066 2634 0110
1084 2568 1310 2648 intelleximus

185 2661 289 2724 totam
312 2657 521 2741 appendicem
543 2657 600 2722 uni
628 2657 754 2722 auctori
782 2676 854 2724 0110
876 2657 1118 2737 vindicandam,
1152 2656 1207 2736 qui
1240 2676 1311 2722 eam

184 2745 255 2827 ipse
286 2765 356 2812 cum
392 2745 610 2830 Theognideis
643 2745 871 2831 conjunxisset.
927 2745 1082 2812 Omnibus
1114 2747 1182 2829 ι10111
1215 2747 1311 2811 rebus

185 2841 338 2900 accurate
356 2835 524 2917 perpensis
543 2841 706 2901 auctorem
725 2836 815 2901 illum
834 2854 952 2918 magna
970 2841 1065 2916 parte
1079 2833 1310 2916 Theognideae

185 2923 384 2990 collectionis
407 2925 671 3007 fragmentorum,
696 2942 778 3004 quae
801 2923 920 3006 optime
943 2927 1093 3002 noverat,
1118 2928 1309 2989 commotum

185 3029 256 3077 esse
280 3015 377 3092 atque
396 3011 601 3091 concitatum,
625 3018 662 3078 ut
681 3012 824 3078 carmina
842 3011 1003 3078 amatoria
1022 3011 1202 3089 conficeret,
1226 3030 1308 3090 quae

183 3105 299 3182 postea
339 3099 373 3164 in
415 3101 635 3167 collectionem
676 3100 849 3183 redigeret,
890 3099 1045 3183 suspicor.
1100 3099 1310 3182 Fragmentis

183 3188 383 3272 Theognidis
407 3189 450 3254 ad
467 3190 610 3272 Cyrnum
634 3189 772 3256 conditis
796 3207 905 3255 omnes
927 3188 996 3254 fere
1018 3209 1081 3267 res,
1104 3208 1187 3269 quae
1209 3189 1309 3269 perti-

185 3279 307 3344 nebant
329 3279 371 3344 ad
394 3278 496 3346 vitam
521 3281 701 3358 humanam,
725 3283 890 3344 tractatae
913 3283 1008 3344 erant
1031 3283 1129 3358 atque
1151 3277 1309 3359 imprimis

183 3384 225 3432 ex
248 3367 294 3432 eis
316 3365 431 3432 intima
454 3367 598 3433 amicitia
621 3374 749 3448 poetam
772 3367 911 3433 omnium
928 3367 1019 3433 vitae
1037 3366 1199 3432 rationum
1223 3366 1308 3448 peri·

182 3454 341 3521 tissimum
364 3455 466 3522 111110
490 3457 694 3540 conjunctum
718 3475 788 3521 cum
813 3456 932 3538 Cyrno,
960 3457 1169 3521 adulescente
1197 3455 1306 3532 nobili,

183 3562 275 3624 quem
298 3545 481 3626 praeceptis
504 3546 570 3610 suis
595 3563 665 3610 esse
688 3544 764 3609 olim
783 3543 888 3612 virum
911 3541 1011 3610 καλὸν
1029 3541 1177 3624 κάγαθόν
1202 3543 1306 3625 cupie-

181 3633 251 3711 bat,
284 3632 434 3715 intellegi
460 3637 599 3715 poterat.
644 3632 703 3699 Eis
735 3632 838 3715 igitur
869 3632 1063 3716 fragmentis
1095 3632 1137 3696 ad
1165 3631 1305 3713 Cyrnum

183 3721 314 3802 scriptis
337 3728 415 3803 puto
440 3727 604 3787 auctorem
628 3727 818 3788 commotum
842 3740 926 3800 0110,
954 3725 992 3786 10
1015 3719 1159 3786 carmina
1182 3717 1305 3785 erotica

182 3809 367 3890 conficeret,
395 3816 429 3876 et
456 3809 535 3876 mihi
564 3809 660 3877 facile
682 3809 832 3894 intellegi
858 3828 954 3893 posse
977 3808 1120 3886 videtur,
1150 3808 1305 3889 quomodo

182 3897 254 3978 0011
284 3899 448 3966 nonnullis
480 3918 591 3965 eorum
623 3899 666 3964 ad
703 3917 773 3965 eam
811 3897 1040 3980 cogitationem
1076 3897 1308 3978 consiliumque

180 3987 354 4068 pervenire
385 3987 538 4070 potuerit.
593 3989 674 4054 Nam
706 3987 878 4054 verissima
910 3990 998 4065 sunt,
1032 4005 1114 4067 quae
1143 3987 1306 4053 Welcker

182 4075 268 4140 dixit
291 4075 330 4160 (c.
353 4076 374 4142 l.
397 4095 450 4158 pg.
474 4076 630 4161 LXXX):
666 4076 844 4158 ,Gravitas
868 4075 953 4141 enim
974 4074 1129 4140 facillhne
1151 4077 1308 4158 provocat

181 4163 364 4245 ludibrium,
389 4172 423 4231 et
440 4185 562 4232 morum
582 4171 757 4248 praecepta
780 4164 809 4230 si
832 4164 885 4230 cni
907 4164 1052 4231 taediose
1075 4164 1218 4244 veniunt,
1243 4180 1307 4228 non
